% Encoding: UTF-8

@BookInBook{Anselm1974,
  author     = {{Anselm of Canterbury}},
  title      = {De Grammatico},
  booktitle  = {Commentary on De Grammatico},
  year       = {1974},
  bookauthor = {Henry, Desmond Paul},
  note       = {Cited by chapter},
  publisher  = {D. Reidel},
  pages      = {48-80},
  address    = {Dordrecht},
  comment    = {Cited by chapter.},
  crossref   = {Henry1974},
}

@Bookinbook{ProsTrans,
  author     = {{Anselm of Canterbury}},
  title      = {Proslogion},
  year       = {2007},
  note       = {Cited by chapter},
  address    = {Indianapolis},
  booktitle  = {Basic Writings},
  crossref   = {Anselm2007},
  editor     = {Thomas Williams},
  pages      = {75-98},
  publisher  = {Hackett},
  translator = {Thomas Williams},
}

@Bookinbook{AnselmDV,
  author    = {{Anselm of Canterbury}},
  title     = {On Truth},
  year      = {1968},
  note      = {Cited by chapter},
  address   = {Stuttgart-Bad Cannstatt},
  booktitle = {Sancti Anselmi Opera Omnia},
  crossref  = {Anselm1968},
  pages     = {117-144},
  publisher = {F. Frommann Verlag},
}

@InCollection{Archambault2017,
  author       = {Archambault, Jacob},
  title        = {The teaching of the {\textit{trivium}} at {Bec} and its bearing upon the {Anselmian} program of {\textit{fides quaerens intellectum}}},
  booktitle    = {Anselm of {C}anterbury},
  year         = {forthcoming},
  editor       = {Margaret Healy-Varley and George Younge and Giles E. M. Gasper},
  booksubtitle = {Communities, Contemporaries, and Criticism},
  publisher    = {Brill},
  address      = {Leiden},
  crossref     = {Healy-Varley2017},
}

@Bookinbook{BDP,
  author    = {Boethius},
  title     = {In {P}orphyrium Dialogi a {V}ictorino translati},
  address   = {Paris},
  booktitle = {Patrologia Cursus Completus. Series Latina},
  crossref  = {PL},
  editor    = {J. P. Migne},
  pages     = {9A-70D},
  publisher = {Chadwyck-Healy},
  volume    = {64},
}

@Bookinbook{BCP,
  author    = {Boethius},
  title     = {Commentaria in {P}orphyrium a se translatum},
  address   = {Paris},
  booktitle = {Patrologia Cursus Completus. Series Latina},
  crossref  = {PL},
  editor    = {J. P. Migne},
  pages     = {71A-158D},
  publisher = {Chadwyck-Healy},
  volume    = {64},
}

@Bookinbook{BC,
  author    = {Boethius},
  title     = {In Categorias {A}ristotelis libri quatuor},
  address   = {Paris},
  booktitle = {Patrologia Cursus Completus. Series Latina},
  crossref  = {PL},
  editor    = {J. P. Migne},
  pages     = {159A-294C},
  publisher = {Chadwyck-Healy},
  volume    = {64},
}

@BookInBook{BDI1,
  author    = {Boethius},
  title     = {In librum {A}ristotelis De Interpretatione libri duo: editio prima, seu minora commentaria},
  booktitle = {Patrologia Cursus Completus. Series Latina},
  editor    = {J. P. Migne},
  volume    = {64},
  publisher = {Chadwyck-Healy},
  pages     = {293D-392D},
  address   = {Paris},
  crossref  = {PL},
}

@Bookinbook{BDI2,
  author    = {Boethius},
  title     = {In librum {A}ristotelis De Interpretatione libri sex: editio secunda, seu majora commentaria},
  address   = {Paris},
  booktitle = {Patrologia Cursus Completus. Series Latina},
  crossref  = {PL},
  editor    = {J. P. Migne},
  pages     = {393A-640A},
  publisher = {Chadwyck-Healy},
  volume    = {64},
}

@InCollection{Galonnier1986a,
  author    = {Galonnier, Alain},
  title     = {({A}u sujet) de Grammarien},
  booktitle = {Le Grammarien; De la v{\'{e}}rit{\'{e}}; la libert{\'{e}} du choix; la chute du diable; Anselm de Cantorb{\'{e}}ry},
  publisher = {Cerf},
  year      = {1986},
  pages     = {25-49},
  crossref  = {Galonnier1986},
  location  = {Paris},
}

@InCollection{Galonnier1987,
  author       = {Galonnier, Alain},
  title        = {Le {\textit{de grammatico}} et l'origine de la theorie des propriet{\'{e}}s des termes},
  booktitle    = {Gilbert de Poitiers et ses contemporains},
  year         = {1987},
  editor       = {Jean Jolivet and Alain de Libera},
  booksubtitle = {aux origines de la logica modernorum},
  publisher    = {Bibliopolis},
  pages        = {353-75},
  address      = {Naples},
  crossref     = {Jolivet1987},
}

@InCollection{Galonnier1996,
  author    = {Galonnier, Alain},
  title     = {Sur quelques aspects annonciateurs de la litt{\'{e}}rature sophismatique dans le {\textit{de grammatico}}},
  booktitle = {Anselm: {A}osta, {B}ec, and {C}anterbury: Papers in Commemoration of the Nine-Hundredth Anniversary of Anselm's Enthronement as Archbishop, 25 September 1093},
  publisher = {Academic Press},
  year      = {1996},
  editor    = {D. E. Luscombe and G. Evans},
  pages     = {209-228},
  crossref  = {Luscombe1996},
}

@Book{ScotusMetaph,
  title     = {Quaestiones super libros metaphysicorum {A}ristotelis},
  publisher = {Franciscan Institute},
  year      = {1997},
  author    = {{John Duns Scotus}},
  editor    = {G. Etzkorn and R. Andrews and G. G{\'{a}}l and F. Kelly and G. Marcil and R. Green and T. Noone and R. Wood},
  volume    = {3-4},
  series    = {Opera Philosophica},
  address   = {St. Bonaventure, NY},
  note      = {Cited by book, question, and paragraph.},
  crossref  = {ScotusOP},
}

@Bookinbook{LanfrancDecreta,
  author    = {{Lanfranc of Canterbury}},
  title     = {Decreta},
  note      = {Cited by chapter and section. [{\textit{Decreta}}].},
  booktitle = {Patrologia Cursus Completus. Series Latina},
  crossref  = {PL},
  pages     = {443C-516B},
  volume    = {150},
}

@InCollection{Lewry1981,
  author       = {Lewry, Osmund},
  title        = {Boethian Logic in the Medieval West},
  booktitle    = {Boethius},
  year         = {1981},
  editor       = {Margaret Gibson},
  booksubtitle = {His Life, Thought, and Influence},
  publisher    = {Oxford University Press},
  pages        = {90-134},
  address      = {Oxford},
  crossref     = {Gibson1981},
}

@InCollection{Uckelman2012,
  author    = {Uckelman, Sara L.},
  title     = {The reception of {S}aint {A}nselm's logic in the twentieth and twenty-first centuries},
  booktitle = {Saint {A}nselm of {C}anterbury and His Legacy},
  publisher = {Institute of Medieval and Renaissance Studies},
  year      = {2012},
  editor    = {Giles E. M. Gasper and Ian Logan},
  pages     = {405-426},
  address   = {Durham},
  crossref  = {Gasper2012},
}

@Bookinbook{VA,
  author    = {{Eadmer of Canterbury}},
  title     = {Vita Sancti Anselmi},
  year      = {1841-1855},
  address   = {Paris},
  booktitle = {Patrologia Cursus Completus. Series Latina},
  crossref  = {PL},
  pages     = {49-118},
  publisher = {Chadwyck-Healy},
  volume    = {158},
}

@InBook{Schmidt1968,
  author    = {F. S. Schmidt},
  title     = {Prologemena seu ratio editionis},
  booktitle = {Sancti Anselmi Opera Omnia},
  year      = {1968},
  volume    = {1},
  publisher = {F. Frommann Verlag},
  location  = {Stuttgart-Bad Cannstatt},
  pages     = {132-150},
  crossref  = {Anselm1968},
}

@InBook{Frohlich1990,
  pages     = {5-66},
  title     = {Introduction},
  year      = {1990},
  author    = {Fr{\"{o}}hlich, Walter},
  booktitle = {The Letters of Anselm of Canterbury},
  crossref  = {Anselm1990},
}

@Bookinbook{AnselmPros,
  author    = {{Anselm of Canterbury}},
  title     = {Proslogion},
  year      = {1968},
  note      = {Cited by chapter},
  address   = {Stuttgart-Bad Cannstatt},
  booktitle = {Sancti Anselmi Opera Omnia},
  crossref  = {Anselm1968},
  publisher = {F. Frommann Verlag},
}

@Bookinbook{AnselmResp,
  author    = {{Anselm of Canterbury}},
  title     = {Liber Apologeticus contra Gaunilonem Respondentem pro Insipiente},
  year      = {1968},
  note      = {Cited by chapter},
  address   = {Stuttgart-Bad Cannstatt},
  booktitle = {Sancti Anselmi Opera Omnia},
  crossref  = {Anselm1968},
  publisher = {F. Frommann Verlag},
}

@BookInBook{BTC,
  author    = {Boethius},
  title     = {In Topica Ciceronis Commentariorum Libri Sex},
  booktitle = {Patrologia Cursus Completus. Series Latina},
  editor    = {J. P. Migne},
  volume    = {64},
  publisher = {Chadwyck-Healy},
  pages     = {1039-1174},
  address   = {Paris},
  crossref  = {PL},
}

@BookInBook{BonaventureTrinity,
  author    = {Bonaventure},
  title     = {Quaestiones Disputatae de Mysterio Trinitatis},
  booktitle = {Opera Omnia},
  year      = {1866},
  editor    = {Ludovicus Vives},
  volume    = {7},
  publisher = {Collegii S. Bonaventurae},
  pages     = {1-230},
  crossref  = {BonaventureOO},
}

@InCollection{Gupta2001,
  author    = {Gupta, Anil},
  title     = {Truth},
  booktitle = {The Blackwell Guide to Philosophical Logic},
  year      = {2001},
  editor    = {Lou Goble},
  publisher = {Blackwell},
  location  = {Malden},
  pages     = {90-114},
  crossref  = {Goble2001},
}

@InCollection{Horty2001,
  author    = {Horty, John F.},
  title     = {Nonmonotonic logic},
  booktitle = {The Blackwell Guide to Philosophical Logic},
  year      = {2001},
  editor    = {Lou Goble},
  publisher = {Blackwell},
  location  = {Malden},
  pages     = {336-361},
  crossref  = {Goble2001},
}

@Book{ScotusOrd,
  title    = {Ordinatio},
  author   = {{John Duns Scotus}},
  crossref = {ScotusOO},
}

@InCollection{Neuhaus2007,
  author    = {Neuhaus, Fabian},
  title     = {On Being Perfect},
  booktitle = {Selected papers contributed to the sections of GAP.6, Sixth International Congress of the Society for Analytic Philosophy},
  year      = {2007},
  editor    = {Helen Bohse and Sven Walter},
  publisher = {Mentis Verlag},
  pages     = {665-679},
  address   = {Paderborn},
  crossref  = {Bohse2007},
}

@InCollection{Ryle2009,
  author    = {Ryle, Gilbert},
  title     = {Back to the Ontological Argument},
  booktitle = {The Many-Faced Argument: Studies on the Ontological Argument for the Existence of {G}od},
  publisher = {Wipf and Stock},
  year      = {2009},
  editor    = {John Hick},
  pages     = {269-274},
  address   = {Eugene},
  crossref  = {Hick2009},
}

@InCollection{Etchemendy2008,
  author    = {John Etchemendy},
  title     = {Reflections on Consequence},
  booktitle = {New Essays on Tarski and Philosophy},
  year      = {2008},
  editor    = {Douglas Patterson},
  publisher = {Clarendon Press},
  pages     = {263-299},
  address   = {Oxford},
  crossref  = {Patterson2008},
}

@InCollection{Shapiro2001,
  author    = {Stewart Shapiro},
  title     = {Classical Logic {II}: Higher-Order Logic},
  booktitle = {The Blackwell Guide to Philosophical Logic},
  publisher = {Blackwell},
  year      = {2001},
  editor    = {Lou Goble},
  pages     = {33-54},
  address   = {Malden, MA},
  crossref  = {Goble2001},
}

@InCollection{Tarski1953a,
  author    = {Tarski, Alfred},
  title     = {A General Method in Proofs of Undecidability},
  booktitle = {Undecidable Theories},
  year      = {1953},
  publisher = {North-Holland},
  pages     = {1-35},
  crossref  = {Tarski1953},
}

@InCollection{Kripke1965,
  author    = {Saul A. Kripke},
  title     = {Semantical Analysis of Modal Logic {II}. Non-Normal Modal Propositional Calculi},
  booktitle = {The Theory of Models},
  publisher = {North Holland},
  year      = {1965},
  editor    = {J. W. Addison and Leon Henkin and Alfred Tarski},
  pages     = {206-220},
  address   = {Amsterdam},
  crossref  = {Addison1965},
}

@InCollection{Pironet,
  author    = {F. Pironet},
  title     = {John Buridan on the Liar Paradox: Studiy of an Opinion and Chronology of the Texts},
  booktitle = {Argumentationstheorie},
  publisher = {Brill},
  year      = {1993},
  editor    = {K. Jacobi},
  pages     = {293-300},
  address   = {Leiden},
  crossref  = {Jacobi1993},
}

@InCollection{Mancosu2006,
  author    = {Paolo Mancosu},
  title     = {Tarski on Models and Logical Consequence},
  booktitle = {The Architecture of Modern Mathematics},
  publisher = {Oxford University Press},
  year      = {2006},
  editor    = {Jos\'{e} Ferreir\'{o}s and Jeremy Gray},
  pages     = {318-470},
  address   = {Oxford},
  crossref  = {Ferreiros2006},
}

@InCollection{Chalmers1999,
  author    = {David Chalmers},
  title     = {Is There Synonymy in {O}ckham's Mental Language?},
  booktitle = {The Cambridge Companion to {O}ckham},
  year      = {1999},
  editor    = {Spade, Paul Vincent},
  publisher = {Cambridge University Press},
  location  = {Cambridge},
  pages     = {76-99},
  crossref  = {Spade1999},
}

@InCollection{Restall2007,
  author    = {Greg Restall},
  title     = {Curry's Revenge: the Costs of Non-Classical Solutions to the Paradoxes of Self-Reference},
  booktitle = {Revenge of the Liar},
  year      = {2007},
  editor    = {J. C. Beall},
  publisher = {Oxford University Press},
  pages     = {262-271},
  address   = {Oxford},
  crossref  = {Beall2007},
}

@InCollection{Pseudo-Scotus2001,
  author     = {Pseudo-Scotus},
  title      = {Questions on {A}ristotle's \textit{Prior Analytics}, Question {X}: Whether in every valid consequence the opposite of the opposite of the antecedent can be inferred from the opposite of the consequent?},
  booktitle  = {Medieval Formal Logic: Obligations, Insolubles and Consequences},
  year       = {2001},
  editor     = {Mikko Yrj\"{o}nsuuri},
  translator = {Mikko Yrj\"{o}nsuuri},
  volume     = {49},
  series     = {New Synthese Historical Library},
  publisher  = {Springer},
  pages      = {225-234},
  address    = {Dordrecht},
  crossref   = {Yrjonsuuri2001},
}

@InCollection{Albert1988,
  author       = {{Albert of Saxony}},
  title        = {Insolubles},
  booktitle    = {Cambridge Translations of Medieval Philosophical Texts, Vol. 1},
  year         = {1988},
  editor       = {Norman Kretzmann and Eleonore Stump},
  booksubtitle = {Logic and Philosophy of Language},
  publisher    = {Cambridge University Press},
  pages        = {337-368},
  address      = {Cambridge},
  crossref     = {Kretzmann1988},
}

@InCollection{Prior2003a,
  author    = {A. N. Prior},
  title     = {Recent advances in tense logic},
  booktitle = {Papers on Time and Tense},
  publisher = {Cambridge University Press},
  year      = {2003},
  editor    = {Per Hasle and Peter \O{}hrstrom and Torben Bra\"{u}ner and Jack Copeland},
  pages     = {103-116},
  address   = {Cambridge},
  crossref  = {Prior2003},
}

@InBook{Read2015,
  author     = {Stephen Read},
  title      = {Introduction},
  booktitle  = {Treatise on Consequences},
  year       = {2015},
  bookauthor = {{John Buridan}},
  publisher  = {Fordham University Press},
  pages      = {1-52},
  crossref   = {Buridan2015},
}

@InCollection{Boh1982,
  author    = {Ivan Boh},
  title     = {Consequences},
  booktitle = {The Cambridge History of Later Medieval Philosophy},
  publisher = {Cambridge University Press},
  year      = {1982},
  editor    = {Norman Kretzmann and Anthony Kenny and Jan Pinborg},
  pages     = {300-314},
  address   = {Cambridge},
  crossref  = {Kretzmann1982},
}

@InCollection{King2001,
  author    = {Peter King},
  title     = {Consequence as Inference: Mediaeval Proof Theory 1300-1350},
  booktitle = {Medieval Formal Logic: Obligations, Insolubles and Consequences},
  publisher = {Springer},
  year      = {2001},
  editor    = {Mikko Yrj\"{o}nsuuri},
  pages     = {117-145},
  crossref  = {Yrjonsuuri2001},
}

@InCollection{DutilhNovaes2008,
  author       = {Dutilh Novaes, Catarina},
  title        = {Logic in the 14th Century after Ockham},
  booktitle    = {Handbook of the History of Logic},
  year         = {2008},
  editor       = {Dov. M. Gabbay and John Woods},
  booksubtitle = {Mediaeval and Renaissance Logic},
  volume       = {2},
  publisher    = {Elsevier},
  pages        = {433-504},
  address      = {Amsterdam},
  crossref     = {GabbayWoods2008},
}

@InCollection{Knuuttila2008,
  author    = {Simo Knuuttila},
  title     = {Medieval Modal Theories and Modal Logic},
  booktitle = {Handbook of the History of Logic: Mediaeval and Renaissance Logic},
  year      = {2008},
  editor    = {Dov. M. Gabbay and John Woods},
  volume    = {2},
  publisher = {Elsevier},
  pages     = {505-578},
  address   = {Amsterdam},
  crossref  = {GabbayWoods2008},
}

@Article{Contessa2010,
  author   = {Gabriele Contessa},
  title    = {Modal Truthmakers and Two Varieties of Actualism},
  journal  = {Synthese},
  year     = {2010},
  volume   = {174},
  number   = {3},
  pages    = {341-353},
  crossref = {ay},
}

@InCollection{Klima1999,
  author    = {Klima, Gyula},
  title     = {Ockham's Semantics and Ontology of the Categories},
  booktitle = {The Cambridge Companion to {O}ckham},
  publisher = {Cambridge University Press},
  year      = {1999},
  editor    = {Spade, Paul Vincent},
  pages     = {118-142},
  address   = {Cambridge},
  crossref  = {Spade1999},
}

@InCollection{Normore1999,
  author    = {Normore, Calvin G.},
  title     = {Some Aspects of {O}ckham's Logic},
  booktitle = {The Cambridge Companion to Ockham},
  publisher = {Cambridge University Press},
  year      = {1999},
  editor    = {Spade, Paul Vincent},
  pages     = {53-75},
  crossref  = {Spade1999},
}

@InCollection{Panaccio1999,
  author    = {Panaccio, Claude},
  title     = {Semantics and Mental Language},
  booktitle = {The Cambridge Companion to Ockham},
  publisher = {Cambridge University Press},
  year      = {1999},
  editor    = {Spade, Paul Vincent},
  pages     = {53-75},
  address   = {Cambridge},
  crossref  = {Spade1999},
}

@InCollection{Parsons2008,
  author    = {Parsons, Terence},
  title     = {The Development of Supposition Theory in the Later 12th through 14th Centuries},
  booktitle = {Handbook of the History of Logic},
  publisher = {Elsevier},
  year      = {2008},
  editor    = {Dov M. Gabbay and John Woods},
  volume    = {2},
  pages     = {157-280},
  address   = {North Holland},
  crossref  = {GabbayWoods2008},
}

@InCollection{Marenbon2008,
  author    = {Marenbon, John},
  title     = {The {L}atin tradition of logic to 1100},
  booktitle = {Handbook of the History of Logic: Mediaeval and Renaissance Logic},
  publisher = {Elsevier},
  year      = {2008},
  editor    = {Dov M. Gabbay and John Woods},
  volume    = {2},
  pages     = {1-64},
  address   = {Amsterdam},
  crossref  = {GabbayWoods2008},
}

@InCollection{Wilks2008,
  author    = {Ian Wilks},
  title     = {Peter {A}belard and his Contemporaries},
  booktitle = {Handbook of the History of Logic: Mediaeval and Renaissance Logic},
  publisher = {Elsevier},
  year      = {2008},
  editor    = {Dov M. Gabbay and John Woods},
  volume    = {2},
  pages     = {83-156},
  address   = {Amsterdam},
  crossref  = {GabbayWoods2008},
}

@InCollection{Klima2008a,
  author    = {Klima, Gyula},
  title     = {The Nominalist Semantics of {O}ckham and {B}uridan: A Rational Reconstruction},
  booktitle = {Handbook of the History of Logic: Mediaeval and Renaissance Logic},
  publisher = {Elsevier},
  year      = {2008},
  editor    = {Dov M. Gabbay and John Woods},
  volume    = {2},
  pages     = {389-432},
  address   = {Amsterdam},
  crossref  = {GabbayWoods2008},
}

@Bookinbook{ProIns,
  author    = {Gaunilo},
  title     = {Liber Pro Insipiente},
  year      = {1968},
  note      = {Cited by chapter.},
  address   = {Stuttgart-Bad Cannstatt},
  booktitle = {Sancti Anselmi Opera Omnia},
  crossref  = {Anselm1968},
  publisher = {F. Frommann Verlag},
}

@InCollection{Klima2000,
  author    = {Klima, Gyula},
  title     = {Saint {A}nselm's Proof: A Problem of Reference, Intentional Identity and Mutual Understanding},
  booktitle = {Medieval Philosophy and Modern Times},
  publisher = {Kluwer},
  year      = {2000},
  editor    = {Ghita Holstr{\"{o}}m-Hintikka},
  volume    = {288},
  series    = {Synthese Library},
  pages     = {69-87},
  address   = {Dordrecht},
  crossref  = {HolstromHintikka2000},
}

@BookInBook{ScotusLectura,
  author     = {{John Duns Scotus}},
  title      = {Lectura},
  booktitle  = {Opera Omnia},
  year       = {1966},
  bookauthor = {John Duns Scotus},
  volume     = {17},
  publisher  = {Typis Polyglottis Vaticanis},
  location   = {Vatican City},
  crossref   = {ScotusOO},
}

@InCollection{Spade1999a,
  author    = {Spade, Paul Vincent},
  title     = {Ockham's Nominalist Metaphysics: Some Main Themes},
  booktitle = {The Cambridge Companion to Ockham},
  year      = {1999},
  editor    = {Spade, Paul Vincent},
  publisher = {Cambridge University Press},
  location  = {Cambridge},
  pages     = {100-117},
  crossref  = {Spade1999},
}

@InCollection{DutilhNovaes2013,
  author    = {Dutilh Novaes, Catarina},
  title     = {The {Ockham-Burley} dispute},
  booktitle = {A Companion to Walter Burley},
  year      = {2013},
  editor    = {Conti, Alessandro},
  publisher = {Brill},
  location  = {Leiden},
  pages     = {49-86},
  crossref  = {Conti2013},
}

@BookInBook{ScotusPeriHerm,
  author    = {{John Duns Scotus}},
  title     = {Quaestiones in libros Perihermenias Aristotelis},
  booktitle = {Opera Philosophica},
  year      = {2004},
  editor    = {R. Andrews and O. Bychkov and Sten Ebbesen and G. G{\'{a}}l and R. Green and T. Noone and R. Plevano and A. Traver},
  volume    = {2},
  publisher = {Franciscan Institute},
  location  = {St. Bonaventure, NY},
  crossref  = {ScotusOP},
}

@InBook{Boehner1958a,
  author     = {Philotheus Boehner},
  title      = {Does {O}ckham Know of Material Implication?},
  booktitle  = {Collected Articles on Ockham},
  year       = {1958},
  bookauthor = {Philotheus Boehner},
  publisher  = {Franciscan Institute},
  location   = {St. Bonaventure, NY},
  pages      = {319-351},
  crossref   = {Boehner1958},
}

@InCollection{Boehner1958b,
  author    = {Philotheus Boehner},
  title     = {Three Sums of Logic Attributed to {William Ockham}},
  booktitle = {Collected Articles on Ockham},
  year      = {1958},
  publisher = {Franciscan Institute},
  location  = {St. Bonaventure, NY},
  pages     = {70-96},
  crossref  = {Boehner1958},
}

@BookInBook{AnselmMonologion,
  author    = {{Anselm of Canterbury}},
  title     = {Monologion},
  booktitle = {Patrologia Cursus Completus. Series Latina},
  year      = {1841-1855},
  editor    = {J. P. Migne},
  volume    = {158},
  location  = {Paris},
  chapter   = {Chadwyck-Healy},
  pages     = {141-224},
  crossref  = {PL},
}

@InCollection{Green-Pedersen1983,
  author   = {Green-Pedersen, Niels J{\o{}}rgen},
  title    = {Early British Treatises on Consequences},
  pages    = {285-307},
  crossref = {Lewry1985},
}

@InCollection{Lagerlund2008,
  author   = {Lagerlund, Henrik},
  title    = {The Assimilation of Aristotelian and Arabic Logic up to the Later Thirteenth Century},
  pages    = {281-346},
  crossref = {GabbayWoods2008},
}

@InCollection{Ebbesen,
  author   = {Ebbesen, Sten},
  title    = {Ancient Scholastic Logic as the Source of Medieval Scholastic Logic},
  pages    = {101-127},
  crossref = {Kretzmann1982},
}

@InCollection{Stump1982,
  author   = {Eleonore Stump},
  title    = {Topics: Their Development and Absorption into Consequences},
  pages    = {273-299},
  crossref = {Kretzmann1982},
}

@BookInBook{BDT,
  author    = {Boethius},
  title     = {De Differentiis Topicis},
  booktitle = {Patrologia Cursus Completus. Series Latina},
  year      = {1841-1855},
  volume    = {64},
  publisher = {J. P. Migne},
  location  = {Paris},
  pages     = {1173B-1216D},
}

@InBook{Boehner1955,
  author     = {Philotheus Boehner},
  title      = {Introduction},
  booktitle  = {De Puritate Artis Logicae Tractatus Longior with a Revised Edition of the Tractatus Brevior},
  year       = {1955},
  bookauthor = {{Walter Burleigh}},
  editor     = {Philotheus Boehner},
  publisher  = {Franciscan Institute},
  location   = {St. Bonaventure, NY},
  pages      = {VI-XIV},
}

@Book{Mill1974,
  title     = {A system of logic},
  publisher = {University of Toronto Press},
  year      = {1973-1974},
  author    = {J. S. Mill},
  volume    = {7-8},
  series    = {Collected Works},
  address   = {Toronto},
}

@Article{Archambault2015,
  author       = {Archambault, Jacob},
  title        = {Nature, Will, and the {F}all in {A}ugustine and {M}aximus the {C}onfessor},
  journaltitle = {Augustiniana},
  year         = {2015},
  volume       = {65},
  number       = {3-4},
  issue        = {3-4},
  pages        = {205-230},
  note         = {Cited by chapter. [Pros.]},
  journal      = {Augustiniana},
}

@Article{Gentzen1936,
  author  = {Gerhard Gentzen},
  title   = {{Die Widerspruchsfreiheit der Reinen Zahlentheorie}},
  journal = {Journal of Symbolic Logic},
  year    = {1936},
  volume  = {1},
  number  = {2},
  pages   = {75-75},
}

@Book{Gentzen1934Eng,
  title     = {Recherches Sur la D\'{e}duction Logique},
  publisher = {Presses Universitaires de France},
  year      = {1955},
  author    = {Gerhard Gentzen and Robert Feys and J. Landri\`{e}re},
  address   = {Paris},
  pages     = {68-131},
}

@Article{Archambault2014,
  author       = {Archambault, Jacob},
  title        = {Aquinas, the A Priori/A Posteriori Distinction, and the {Kantian} Dependency Thesis},
  journaltitle = {Religious studies},
  year         = {2014},
  volume       = {50},
  number       = {2},
  issue        = {2},
  pages        = {175-192},
  journal      = {Religous studies},
}

@Book{Read1995,
  title     = {Thinking about Logic},
  publisher = {Oxford University Press},
  year      = {1995},
  author    = {Stephen Read},
  address   = {Oxford},
}

@Book{Anselm1968,
  title     = {Sancti Anselmi Opera Omnia},
  publisher = {F. Frommann Verlag},
  year      = {1968},
  author    = {{Anselm of Canterbury}},
  editor    = {F. S. Schmitt},
  address   = {Stuttgart-Bad Cannstatt},
  location  = {Stuttgart-Bad Cannstatt},
}

@Book{Anselm1990,
  title     = {The Letters of Anselm of Canterbury},
  publisher = {Cistercian Publications},
  year      = {1990},
  author    = {{Anselm of Canterbury}},
  editor    = {Walter Fr\"{o}hlich},
  address   = {Kalamazoo, MI},
  note      = {Cited by letter number, then page number},
}

@Book{Anselm2007,
  title      = {Basic Writings},
  publisher  = {Hackett},
  year       = {2007},
  author     = {{Anselm of Canterbury}},
  editor     = {Thomas Williams},
  address    = {Indianapolis},
  location   = {Indianapolis},
  translator = {Thomas Williams},
}

@Book{Back1996,
  author    = {B{\"{a}}ck, Allan},
  title     = {On Reduplication},
  year      = {1996},
  subtitle  = {Logical Theories of Qualification},
  publisher = {Brill},
  address   = {Leiden},
}

@Book{Henry1974,
  author    = {Henry, Desmond Paul},
  title     = {Commentary on De Grammatico},
  year      = {1974},
  publisher = {D. Reidel},
  location  = {Dordrecht},
  address   = {Dordrecht},
}

@Collection{Healy-Varley2017,
  editor    = {Margaret Healy-Varley and George Younge and Giles E. M. Gasper},
  title     = {Anselm of {Canterbury}: Communities, Contemporaries, and Criticism},
  year      = {2017},
  publisher = {Brill},
  address   = {Leiden},
}

@Book{Buridan2015,
  author     = {{John Buridan}},
  title      = {Treatise on Consequences},
  year       = {2015},
  translator = {Stephen Read},
  publisher  = {Fordham University Press},
  address    = {Bronx, NY},
}

@Collection{Bekker1885,
  editor    = {Bekker, Gustavus Heinrich},
  title     = {Catalogi Bibliothecarum Antiqui},
  year      = {1885},
  publisher = {Max {C}ohen et filium},
  location  = {Bonn},
  address   = {Bonn},
}

@MvCollection{PL,
  editor    = {Migne, J. P.},
  title     = {Patrologia Cursus Completus. Series Latina},
  year      = {1841-1855},
  publisher = {Chadwyck-Healy},
  location  = {Paris},
  address   = {Paris},
}

@Book{Boschung2006,
  title     = {From a Topical Point of View: Dialectic in {A}nselm of {C}anterbury's De Grammatico},
  publisher = {Brill},
  year      = {2006},
  author    = {Boschung, Peter},
  address   = {Leiden},
  location  = {Leiden},
}

@Article{Cerezo2015,
  author       = {Cerezo, Mar\'{i}a},
  title        = {Anselm of {C}anterbury's theory of meaning: analysis of some semantic distinctions in de grammatico},
  journal      = {Vivarium},
  year         = {2015},
  volume       = {53},
  number       = {2-4},
  pages        = {194-220},
  journaltitle = {Vivarium},
}

@Article{Ebbesen1979,
  author       = {Ebbesen, Sten},
  title        = {The Dead Man is Alive},
  journal      = {Synthese},
  year         = {1979},
  volume       = {40},
  number       = {1},
  pages        = {43-70},
  journaltitle = {Synthese},
}

@Article{Ebbesen1987,
  author       = {Ebbesen, Sten},
  title        = {Talking about what is no more. {T}exts by {P}eter of {C}ornwall (?), {R}ichard of {C}live, {S}imon of {F}aversham, and {R}adulphus {B}rito},
  journaltitle = {Cahiers de L'Institut du Moyen-{\^{A}}ge Grec et Latin},
  year         = {1987},
  volume       = {55},
  pages        = {135-168},
  journal      = {Cahiers de L'institut du Moyen-{\^{A}}ge Grec et Latin},
}

@Article{Ebbesen1993,
  author       = {Ebbesen, Sten},
  title        = {Animal est omnis homo. Questions and sophismata by {P}eter of {A}uvergne, {R}adulphus {B}rito, {W}illiam {B}onkes, and others},
  journal      = {Cahiers de L'institut du Moyen-{\^{A}}ge Grec et Latin},
  year         = {1993},
  volume       = {63},
  pages        = {145-208},
  journaltitle = {Cahiers de L'Institut du Moyen-{\^{A}}ge Grec et Latin},
}

@Book{Galonnier1986,
  author     = {{Anselm of Canterbury}},
  title      = {Le Grammarien; De la v{\'{e}}rit{\'{e}}; la libert{\'{e}} du choix; la chute du diable; Anselm de Cantorb{\'{e}}ry},
  year       = {1986},
  editor     = {Alain Galonnier and Michel Corbin and R\'{e}my de Ravinel},
  translator = {Alain Galonnier and Michel Corbin and R\'{e}my de Ravinel},
  publisher  = {Cerf},
  address    = {Paris},
}

@Collection{Jolivet1987,
  editor    = {Jean Jolivet and Alain de Libera},
  title     = {Gilbert de Poitiers et ses contemporains},
  year      = {1987},
  subtitle  = {aux origines de la logica modernorum},
  publisher = {Bibliopolis},
  location  = {Naples},
  address   = {Naples},
}

@Collection{Luscombe1996,
  editor    = {D. E. Luscombe and G. R. Evans},
  title     = {Anselm: {A}osta, {B}ec, and {C}anterbury: Papers in Commemoration of the Nine-Hundredth Anniversary of Anselm's Enthronement as Archbishop, 25 September 1093},
  year      = {1996},
  publisher = {Academic Press},
  location  = {Sheffield},
  address   = {Sheffield},
}

@Article{Green-Pedersen1980a,
  author       = {Green-Pedersen, Niels J{\o{}}rgen},
  title        = {Two early anonymous tracts on consequences},
  journal      = {Cahiers de L'institut du Moyen-{\^{A}}ge Grec et Latin},
  year         = {1980},
  volume       = {35},
  pages        = {1-28},
  journaltitle = {Cahiers de L'Institut du Moyen-{\^{A}}ge Grec et Latin},
}

@Article{Green-Pedersen1980b,
  author       = {Green-Pedersen, Niels J{\o{}}rgen},
  title        = {Walter {B}urley's {\textit{de consequentiis}}},
  journaltitle = {Franciscan Studies},
  year         = {1980},
  subtitle     = {An edition},
  volume       = {40},
  pages        = {102-166},
}

@Book{Green-Pedersen1984,
  author    = {Green-Pedersen, Niels J{\o{}}rgen},
  title     = {The Tradition of the Topics in the Middle Ages},
  year      = {1984},
  subtitle  = {Commentaries on Aristotle's and Boethius' Topics},
  publisher = {Philosophia Verlag},
  location  = {Munich},
  address   = {Munich},
}

@Book{Gasper2004,
  title     = {Anselm of Canterbury and his Theological Inheritance},
  publisher = {Ashgate},
  year      = {2004},
  author    = {Gasper, Giles},
  address   = {Hampshire},
  location  = {Hampshire},
}

@Article{Henry1960,
  author       = {Henry, Desmond Paul},
  title        = {Saint {A}nselm's de `Grammatico'},
  journal      = {Philosophical Quarterly},
  year         = {1960},
  volume       = {10},
  number       = {39},
  pages        = {115-126},
  journaltitle = {Philosophical Quarterly},
}

@Article{Holopainen2007,
  author       = {Holopainen, Toivo J.},
  title        = {Anselm's {\textit{argumentum}} and the early medieval theory of argument},
  journal      = {Vivarium},
  year         = {2007},
  volume       = {45},
  number       = {1},
  pages        = {1-29},
  journaltitle = {Vivarium},
}

@Article{Holopainen2013,
  author       = {Holopainen, Toivo J.},
  title        = {Review of \textit{{A}nselm of {C}anterbury and the Desire for the Word} by {E}ileen {C}. {S}weeney},
  journal      = {Journal of the History of Philosophy},
  year         = {2013},
  volume       = {51},
  number       = {2},
  pages        = {314-315},
  journaltitle = {Journal of the History of Philosophy},
}

@Book{Kripke1980,
  title     = {Naming and Necessity},
  publisher = {Harvard University Press},
  year      = {1980},
  author    = {Kripke, Saul A.},
  address   = {Cambridge, MA},
  location  = {Cambridge, MA},
}

@Book{ScotusOP,
  title     = {Opera Philosophica},
  publisher = {Franciscan Institute},
  year      = {1997-2006},
  author    = {{John Duns Scotus}},
  address   = {St. Bonaventure, NY},
  location  = {St. Bonaventure, NY},
}

@Book{Jordan1992,
  title     = {Ad litteram: Authoritative Texts and Their Medieval Readers},
  publisher = {University of Notre Dame Press},
  year      = {1992},
  author    = {Mark D. Jordan and Kent Emery{, Jr}},
  address   = {Notre Dame},
  location  = {Notre Dame},
}

@Collection{Gibson1981,
  editor    = {Margaret Gibson},
  title     = {Boethius},
  year      = {1981},
  subtitle  = {His Life, Thought, and Influence},
  publisher = {Oxford University Press},
  location  = {Oxford},
  address   = {Oxford},
}

@Article{McCordAdams2000,
  author       = {Adams, Marilyn McCord},
  title        = {Re-reading {\textit{de grammatico}}, or {A}nselm's introduction to {A}ristotle's {\textit{Categories}}},
  journaltitle = {Documenti e studi sulla tradizione filosofica medievale},
  year         = {2000},
  volume       = {11},
  pages        = {83-112},
  journal      = {Documenti e studi sulla tradizione filosofica medievale},
}

@Book{McMahon2004,
  title     = {Understanding the Medieval Meditative Ascent},
  publisher = {Catholic University of America Press},
  year      = {2004},
  author    = {McMahon, Robert},
  address   = {Washington, D. C.},
  location  = {Washington, D. C.},
}

@Article{Mews1992,
  author       = {Mews, Constant J.},
  title        = {Nominalism and theology before {A}baelard: new light on {R}oscelin of {C}ompi{\`{e}}gne},
  journal      = {Vivarium},
  year         = {1992},
  volume       = {30},
  number       = {1},
  pages        = {4-33},
  journaltitle = {Vivarium},
}

@Book{RSB,
  author    = {{Benedict of Nursia}},
  title     = {Regula Monachorum},
  year      = {1955},
  editor    = {D. Philbert Schmitz},
  foreword  = {Christine Mohrmann},
  subtitle  = {Textus critico-practicus sec. cod. Sangall. 914, adiuncta verborum concordantia},
  note      = {Cited by chapter [RSB]},
  publisher = {Maredsous},
}

@Article{Novikoff2011,
  author       = {Novikoff, Alex J.},
  title        = {Anselm, dialogue, and the rise of scholastic disputation},
  journal      = {Speculum},
  year         = {2011},
  volume       = {86},
  number       = {2},
  pages        = {387-418},
  journaltitle = {Speculum},
}

@Book{AbelardHC,
  title      = {Historia Calamitatum},
  publisher  = {Macmillan},
  year       = {1972},
  author     = {{Peter Abelard}},
  address    = {New York},
  note       = {Cited by chapter. [HC]},
  translator = {Adams Bellows, Henry},
  url        = {http://sourcebooks.fordham.edu/halsall/basis/abelard-histcal.asp},
}

@Book{inst.gram.,
  title     = {Prisciani Institutiones},
  publisher = {Teubner},
  year      = {1855},
  editor    = {Heinrich Keil and Martin Hertz},
  volume    = {2-3},
  series    = {Grammatici Latini},
  address   = {Leipzig},
  note      = {Cited by book then page number. [inst. gram.]},
  url       = {http://kaali.linguist.jussieu.fr/CGL/text.jsp?id=T43},
}

@Article{Sharpe2009,
  author       = {Sharpe, Richard},
  title        = {Anselm as author: publishing in the late eleventh century},
  journal      = {Journal of Medieval Latin},
  year         = {2009},
  volume       = {19},
  number       = {1},
  pages        = {1-87},
  journaltitle = {Journal of Medieval Latin},
}

@Book{Southern1963,
  title     = {Saint Anselm and His Biographer},
  publisher = {Cambridge University Press},
  year      = {1963},
  author    = {Southern, R. W.},
  address   = {Cambridge},
  location  = {Cambridge},
  subtitle  = {A Study of Monastic Life and Thought},
}

@Book{Southern1990,
  title     = {Saint {A}nselm: a Portrait in a Landscape},
  publisher = {Cambridge University Press},
  year      = {1990},
  author    = {Southern, R. W.},
  address   = {Cambridge},
  location  = {Cambridge},
}

@Article{Steiger1969,
  author       = {Steiger, Lothar},
  title        = {{Contexe Syllogismos. \"{U}ber Die Kunst Und Bedeutung Der Topik Bei Anselm}},
  journal      = {Analecta Anselmiana},
  year         = {1969},
  volume       = {1},
  pages        = {107-143},
  journaltitle = {Analecta Anselmiana},
}

@Book{Sweeney2012,
  title     = {Saint {A}nselm and the Desire for the Word},
  publisher = {Catholic University of America Press},
  year      = {2012},
  author    = {Sweeney, Eileen},
  address   = {Washington, D. C.},
  location  = {Washington, D. C.},
}

@Book{AquinasPA,
  author    = {{Thomas Aquinas}},
  title     = {Expositio Libri Posteriorum Analyticorum},
  year      = {1989},
  editor    = {R. A. Gauthier},
  volume    = {I*-2},
  edition   = {Leonine},
  series    = {Opera Omnia},
  publisher = {Cerf},
  address   = {Paris},
}

@Collection{Gasper2012,
  title     = {Saint {A}nselm of {C}anterbury and His Legacy},
  year      = {2012},
  address   = {Durham},
  editor    = {Giles E. M. Gasper and Ian Logan},
  location  = {Durham},
  publisher = {Institute of Medieval and Renaissance Studies},
}

@Book{Visser2009,
  title     = {Anselm},
  publisher = {Oxford University Press},
  year      = {2009},
  author    = {Sandra Visser and Thomas Williams},
  series    = {Great Medieval Thinkers},
  address   = {Oxford},
  location  = {Oxford},
}

@InCollection{Williams2015,
  author       = {Williams, Thomas},
  title        = {Saint {A}nselm},
  booktitle    = {The Stanford Encyclopedia of Philosophy},
  publisher    = {Metaphysics Research Lab, Stanford University},
  year         = {2016},
  editor       = {Edward N. Zalta},
  address      = {http://plato.stanford.edu/entries/anselm/},
  edition      = {Spring 2016},
  note         = {Cited by section.},
  comment      = {Cited by section},
  journal      = {Stanford Encyclopedia of Philosophy},
  organization = {Stanford Encyclopedia of Philosophy},
  url          = {http://plato.stanford.edu/entries/anselm/},
}

@BookInBook{AlexanderST,
  author    = {{Alexander of Hales}},
  title     = {Summa universis theologiae},
  booktitle = {Opera Omnia},
  year      = {1924-1948},
  editor    = {Bernardini Klumper and the Quarracchi Fathers},
  publisher = {Collegii S. Bonaventurae},
  address   = {Rome},
}

@Article{Almotahari2015,
  author  = {Mahrad Almotahari and Adam Hosein},
  title   = {Is anything just plain good?},
  journal = {Philosophical Studies},
  year    = {2015},
  volume  = {172},
  pages   = {1485-1508},
}

@Book{RichardDT,
  author     = {{Richard of St. Victor}},
  title      = {On the Trinity},
  year       = {2011},
  editor     = {Ruben Angelici},
  translator = {Ruben Angelici},
  publisher  = {Cascade},
  address    = {Eugene},
}

@Book{Post.An,
  title      = {Posterior Analytics},
  publisher  = {Clarendon Press},
  year       = {1994},
  author     = {Aristotle},
  editor     = {Barnes, Jonathan},
  address    = {Oxford},
  translator = {Jonathan Barnes},
}

@Article{CIFOL1,
  author       = {Nuel Belnap and Thomas M{\"{u}}ller},
  title        = {{CIFOL}: Case-Intensional First-Order Logic},
  journaltitle = {Journal of Philosophical Logic},
  year         = {2014},
  subtitle     = {(I) Toward a Theory of Sorts},
  volume       = {43},
  number       = {2-3},
  pages        = {393-437},
  journal      = {Journal of Philosophical Logic},
}

@Article{CIFOL2,
  author  = {Nuel Belnap and Thomas M{\"{u}}ller},
  title   = {{BH-CIFOL}: Case-Intensional First-Order Logic (II) Branching Histories},
  journal = {Journal of Philosophical Logic},
  year    = {2014},
  volume  = {43},
  pages   = {835-866},
}

@Book{BonaventureOO,
  title     = {Opera Omnia},
  publisher = {Collegii S. Bonaventurae},
  year      = {1882-1902},
  author    = {Bonaventure},
  address   = {Quarrachi},
}

@Book{Meditations,
  title      = {Meditations},
  publisher  = {University of Notre Dame Press},
  year       = {1990},
  author     = {Ren{\'{e}} Descartes},
  address    = {Notre Dame},
  translator = {George Heffernan},
}

@Book{Fitting1998,
  title     = {First-Order Modal Logic},
  publisher = {Kluwer},
  year      = {1998},
  author    = {Melvin Fitting and Richard L. Mendelsohn},
  address   = {Dordrecht},
}

@Article{Geach1956,
  author  = {P. T. Geach},
  title   = {Good and Evil},
  journal = {Analysis},
  year    = {1956},
  volume  = {17},
  pages   = {33-42},
}

@Collection{Gendler2002,
  title     = {Conceivability and Possibility},
  year      = {2002},
  address   = {Oxford},
  editor    = {Tamar Szabo Gendler and John Hawthorne},
  publisher = {Clarendon Press},
}

@Book{CrispinDisp,
  title     = {Disputatio Iudei et Christiani},
  publisher = {Spectrum},
  year      = {1956},
  author    = {{Gilbert Crispin}},
  editor    = {Blumenkranz, Bernhard},
  volume    = {3},
  series    = {Stromata Patristica et Mediaevalia},
  address   = {Utrecht},
}

@Collection{Goble2001,
  editor    = {Lou Goble},
  title     = {The Blackwell Guide to Philosophical Logic},
  year      = {2001},
  publisher = {Blackwell},
  location  = {Malden},
}

@Book{HegelLogic,
  title     = {Science of Logic},
  publisher = {Cambridge University Press},
  year      = {2010},
  author    = {G. W. F. Hegel},
  editor    = {George di Giovanni},
  address   = {Cambridge},
}

@Book{ScotusOO,
  title     = {Opera Omnia},
  publisher = {Typis Polyglottis Vaticanis},
  year      = {1950-},
  author    = {{John Duns Scotus}},
  address   = {Vatican},
}

@Book{KantCritique1,
  title      = {Critique of Pure Reason},
  publisher  = {Hackett},
  year       = {1996},
  author     = {Immanuel Kant},
  address    = {Indianapolis},
  translator = {Werner S. Pluhar},
}

@Article{Klima2003,
  author  = {Klima, Gyula},
  title   = {Conceptual Closure in {A}nselm's Proof: Reply to {T}ony {R}oark},
  journal = {History and Philosophy of Logic},
  year    = {2003},
  volume  = {24},
  pages   = {131-134},
}

@Article{Kripke1975,
  author  = {Kripke, Saul A.},
  title   = {Outline of a Theory of Truth},
  journal = {Journal of Philosophy},
  year    = {1975},
  volume  = {72},
  number  = {19},
  pages   = {690-716},
}

@Book{AG,
  title      = {Philosophical Essays},
  publisher  = {Hackett},
  year       = {1989},
  author     = {Gottfried Wilhelm Leibniz},
  editor     = {Roger Ariew and Daniel Garber},
  address    = {Indianapolis},
  translator = {Roger Ariew and Daniel Garber},
}

@Article{Lewis1970,
  author  = {David K. Lewis},
  title   = {Anselm and Actuality},
  journal = {No{\^{u}}s},
  year    = {1970},
  volume  = {4},
  number  = {2},
  pages   = {175-188},
}

@Article{Marion1992,
  author  = {Marion, Jean-Luc},
  title   = {Is the Ontological Argument Ontological? {T}he Argument According to {A}nselm and Its Metaphysical Interpretation According to {K}ant},
  journal = {Journal of the History of Philosophy},
  year    = {1992},
  volume  = {30},
  pages   = {201-218},
}

@Proceedings{Bohse2007,
  title  = {Selected papers contributed to the sections of GAP.6, Sixth International Congress of the Society for Analytic Philosophy},
  year   = {2007},
  editor = {H. Bohse and K. Dreimann and S. Walter},
}

@Article{Nowicki2006,
  author  = {Nowicki, Maciej},
  title   = {Anselm and {R}ussell},
  journal = {Logic and Logical Philosophy},
  year    = {2006},
  volume  = {15},
  pages   = {355-368},
}

@Book{Plantinga1965,
  title     = {The Ontological Argument from St. Anselm to Contemporary Philosophers},
  publisher = {Doubleday},
  year      = {1965},
  author    = {Alvin Plantinga},
  address   = {Garden City, NY},
}

@Book{Priest2008,
  title     = {Introduction to Non-Classical Logic: From If to Is},
  publisher = {Cambridge University Press},
  year      = {2008},
  author    = {Graham Priest},
  address   = {Cambridge},
}

@Article{Reiter1980,
  author  = {Raymond Reiter},
  title   = {A Logic for Default Reasoning},
  journal = {Artificial Intelligence},
  year    = {1980},
  volume  = {13},
  pages   = {81-132},
}

@Article{Roark2003,
  author  = {Roark, Tony},
  title   = {Conceptual Closure in {A}nselm's Proof},
  journal = {History and Philosophy of Logic},
  year    = {2003},
  volume  = {24},
  pages   = {1-14},
}

@Book{RussellAutobio,
  title     = {Autobiography},
  publisher = {Routledge},
  year      = {2009},
  author    = {Bertrand Russell},
  address   = {New York},
}

@Collection{Hick2009,
  editor    = {John Hick},
  title     = {The Many-Faced Argument: Studies on the Ontological Argument for the Existence of {G}od},
  year      = {2009},
  publisher = {Wipf and Stock},
  address   = {Eugene},
}

@Article{Seifert1992,
  author  = {Seifert, Josef},
  title   = {Si {D}eus est {D}eus, {D}eus est: Reflections on {S}t. {B}onaventure's Interpretation of {S}t. {A}nselm's Ontological Argument},
  journal = {Franciscan Studies},
  year    = {1992},
  volume  = {52},
  pages   = {215-231},
}

@Book{SenecaQN,
  title      = {Quaestiones Naturales},
  publisher  = {Harvard University Press},
  year       = {1971},
  author     = {{Seneca the Elder}},
  editor     = {T. H. Corcoran},
  address    = {Cambridge, MA},
  translator = {T. H. Corcoran},
}

@Unpublished{Scheffler2002,
  author = {Uwe Scheffler},
  title  = {Is it paradoxical to not be greater than God?},
  note   = {http://www.sodass.net/Texte/SchefflerOnViger.pdf},
  year   = {2002},
  url    = {http://www.sodass.net/Texte/SchefflerOnViger.pdf},
}

@Article{Schlenker2009,
  author  = {Schlenker, Philippe},
  title   = {Anselm's Argument and {B}erry's {P}aradox},
  year    = {2009},
  volume  = {43},
  number  = {2},
  pages   = {214-223},
  journal = {No{\^{u}}s},
}

@InCollection{Strasser2014,
  author    = {Strasser, Christian and Antonelli, G. Aldo},
  title     = {Non-monotonic Logic},
  booktitle = {The Stanford Encyclopedia of Philosophy},
  year      = {2016},
  editor    = {Edward N. Zalta},
  edition   = {Winter 2016},
  publisher = {Metaphysics Research Lab, Stanford University},
  url       = {https://plato.stanford.edu/archives/win2016/entries/logic-nonmonotonic},
  journal   = {Stanford Encyclopedia of Philosophy},
}

@Book{AquinasST,
  title     = {Summa Theologiae},
  publisher = {Typographia Polyglotta},
  year      = {1888-1906},
  author    = {{Thomas Aquinas}},
  volume    = {IV-XII},
  series    = {Opera Omnia},
  address   = {Roma},
  edition   = {Leonine},
  note      = {Cited by part, question, and article},
}

@Article{Thomson1997,
  author  = {Thomson, Judith Jarvis},
  title   = {The Right and the Good},
  journal = {Journal of Philosophy},
  year    = {1997},
  volume  = {94},
  pages   = {273-298},
}

@Article{Uckelman2010,
  author  = {Uckelman, Sara L.},
  title   = {The Ontological Argument and {R}ussell's Antinomy},
  journal = {Logic and Logical Philosophy},
  year    = {2010},
  volume  = {18},
  pages   = {309-312},
}

@Article{Viger2002,
  author  = {Christopher Viger},
  title   = {St. {A}nselm's ontological argument succumbs to {R}ussell's paradox},
  journal = {International Journal for Philosophy of Religion},
  year    = {2002},
  volume  = {52},
  number  = {3},
  pages   = {123-128},
}

@Article{Vallicella2000,
  author  = {Vallicella, William},
  title   = {Does the Cosmological Argument Depend on the Ontological?},
  journal = {Faith and Philosophy},
  year    = {2000},
  volume  = {17},
  pages   = {441-458},
}

@Book{Scotus1966,
  title      = {A Treatise on God as First Principle},
  publisher  = {Franciscan Herald Press},
  year       = {1966},
  author     = {{John Duns Scotus}},
  editor     = {A. B. Wolter},
  address    = {Chicago},
  translator = {A. B. Wolter},
}

@Book{Metaph,
  title      = {Metaphysics},
  publisher  = {Clarendon Press},
  year       = {1924},
  author     = {Aristotle},
  address    = {Oxford},
  translator = {W. D. Ross},
}

@Book{AquinasMetaph,
  title      = {Commentary on the Metaphysics of Aristotle},
  publisher  = {Henry Regnery Company},
  year       = {1961},
  author     = {{Thomas Aquinas}},
  series     = {Library of Living Catholic Thought},
  address    = {Chicago},
  note       = {Cited by book, lecture, and paragraph},
  translator = {John P. Rowan},
}

@Article{Tarski2002,
  author       = {Alfred Tarski},
  title        = {On the Concept of Following Logically},
  journal      = {History and Philosophy of Logic},
  year         = {2002},
  volume       = {23},
  number       = {3},
  pages        = {155-196},
  journaltitle = {History and Philosophy of Logic},
  translator   = {Magda Stroi{\'{n}}ska and David Hitchcock},
}

@InCollection{DutilhNovaes2012a,
  author    = {Dutilh Novaes, Catarina},
  title     = {Medieval Theories of Consequence},
  booktitle = {The Stanford Encyclopedia of Philosophy},
  year      = {2016},
  url       = {https://plato.stanford.edu/archives/fall2016/entries/consequence-medieval},
  journal   = {Stanford Encyclopedia of Philosophy},
}

@Book{Carnap1934,
  title     = {Logische Syntax der Sprache},
  publisher = {Springer},
  year      = {1934},
  author    = {Rudolph Carnap},
  volume    = {8},
  series    = {Schriften zur wissenschaftlichen Auffassung},
  address   = {Vienna},
}

@PhdThesis{Gentzen1934,
  author      = {Gerhard Gentzen},
  title       = {Untersuchungen {\"{u}}ber das logische {S}chliessen},
  institution = {University of G{\"{o}}ttingen},
  year        = {1934/5},
}

@Article{Franks2010,
  author  = {Curtis Franks},
  title   = {Cut as Consequence},
  year    = {2010},
  volume  = {31},
  number  = {4},
  pages   = {349-79},
  journal = {History and Philosophy of Logic},
}

@Article{Hazen2014,
  author       = {Allen P. Hazen and Pelletier, Francis Jeffry},
  title        = {Gentzen and J\'{a}skowski Natural Deduction: Fundamentally Similar but Importantly Different},
  journaltitle = {Studia Logica},
  year         = {2014},
  volume       = {102},
  number       = {6},
  pages        = {1103-1142},
  journal      = {Studia Logica},
}

@Article{vonPlato2014,
  author  = {{von Plato}, Jan},
  title   = {From Axiomatic Logic to Natural Deduction},
  year    = {2014},
  volume  = {102},
  number  = {6},
  pages   = {1167-1184},
  journal = {Studia Logica},
}

@Article{Moriconi2015,
  author  = {Enrico Moriconi},
  title   = {Early Structural Reasoning. {G}entzen 1932},
  year    = {2015},
  volume  = {8},
  number  = {4},
  pages   = {662-679},
  journal = {Review of Symbolic Logic},
}

@Article{Prawitz1974,
  author  = {Dag Prawitz},
  title   = {On the Idea of a General Proof Theory},
  journal = {Synthese},
  year    = {1974},
  volume  = {27},
  number  = {1/2},
  pages   = {63-77},
}

@Article{Prawitz1985,
  author  = {Prawitz, Dag},
  title   = {Remarks on Some Approaches to the Concept of Logical Consequence},
  journal = {Synthese},
  year    = {1985},
  volume  = {62},
  number  = {2},
  pages   = {153-171},
}

@Article{Jacinto2017,
  author       = {Bruno Jacinto and Stephen Read},
  title        = {General-Elimination Stability},
  journaltitle = {Studia Logica},
  year         = {2017},
  volume       = {105},
  number       = {2},
  pages        = {361-405},
  journal      = {Studia Logica},
}

@Article{Francez2014a,
  author       = {Francez, Nissim},
  title        = {Harmony in Multiple-Conclusion Natural-Deduction},
  journal      = {Logica Universalis},
  year         = {2014},
  volume       = {8},
  pages        = {215-259},
  journaltitle = {Logica Universalis},
}

@Article{Francez2016a,
  author       = {Francez, Nissim},
  title        = {A Proof-theoretic Universal Property of Determiners},
  journaltitle = {Journal of Applied Logic},
  year         = {2016},
  volume       = {13},
  number       = {3},
  issue        = {4},
  journal      = {Journal of Applied Logic},
}

@Article{Francez2016b,
  author       = {Francez, Nissim},
  title        = {Views of Proof-theoretic Semantics: Reified Proof-theoretic Meanings},
  journaltitle = {Journal of Logic and Computation},
  year         = {2016},
  volume       = {26},
  number       = {2},
  pages        = {479-494},
  journal      = {Journal of Logic and Computation},
}

@PhdThesis{Hjortland2009,
  author = {Ole T. Hjortland},
  title  = {The Structure of Logical Consequence: Proof-Theoretic Conceptions},
  school = {University of St. Andrews},
  year   = {2009},
}

@Article{Schroeder-Heister2006,
  author  = {Peter Schroeder-Heister},
  title   = {Validity Concepts in Proof-theoretic Semantics},
  year    = {2006},
  volume  = {148},
  number  = {3},
  pages   = {525-571},
  journal = {Synthese},
}

@Article{Belnap1990,
  author  = {Nuel Belnap and Thomas Massey},
  title   = {Semantic Holism},
  year    = {1990},
  volume  = {49},
  number  = {1},
  pages   = {67-82},
  journal = {Studia Logica},
}

@Book{Garson2013,
  title     = {What Logics Mean},
  publisher = {Cambridge University Press},
  year      = {2013},
  author    = {James W. Garson},
  address   = {Cambridge},
}

@Article{Garson2001,
  author       = {James W. Garson},
  title        = {Natural Semantics: Why Natural Deduction is Intuitionistic},
  journaltitle = {Theoria},
  year         = {2001},
  volume       = {67},
  number       = {2},
  pages        = {114-139},
  journal      = {Theoria},
}

@Article{Hodges1986,
  author  = {Wilfrid Hodges},
  title   = {Truth in a Structure},
  journal = {Proceedings of the Aristotelian Society},
  year    = {1986},
  volume  = {85},
  pages   = {135-158},
}

@Article{Etchemendy1988,
  author  = {John Etchemendy},
  title   = {Tarski on Truth and Logical Consequence},
  journal = {Journal of Symbolic Logic},
  year    = {1988},
  volume  = {53},
  number  = {1},
  pages   = {51-79},
}

@Book{Sher1991,
  title     = {The Bounds of Logic},
  publisher = {MIT Press},
  year      = {1991},
  author    = {Gila Sher},
  address   = {Cambridge, MA},
}

@Collection{Patterson2008,
  editor    = {D. Patterson},
  title     = {New Essays on Tarski and Philosophy},
  year      = {2008},
  publisher = {Clarendon Press},
  address   = {Oxford},
}

@Article{vanHeijenoort1967,
  author  = {{van Heijenoort}, Jean},
  title   = {Logic as Calculus and Logic as Language},
  journal = {Synthese},
  year    = {1967},
  volume  = {17},
  number  = {3},
  pages   = {324-330},
}

@Book{Russell1919,
  title     = {Introduction to Mathematical Philosophy},
  publisher = {George Allen and Unwin},
  year      = {1919},
  author    = {Bertrand Russell},
  address   = {London},
}

@Book{Hilbert1928,
  author    = {David Hilbert and Wilhelm Ackermann},
  title     = {{Grundz\"{u}ge der theoretischen Logik}},
  year      = {1928},
  publisher = {Springer},
  address   = {Berlin},
}

@Book{Ewald2011,
  author    = {David Hilbert},
  title     = {Lectures on the Foundations of Arithmetic and Logic, 1917-1933},
  year      = {2011},
  editor    = {W. Ewald and W. Sieg},
  publisher = {Springer},
  address   = {Heidelberg},
}

@Article{DutilhNovaes2011,
  author  = {Dutilh Novaes, Catarina},
  title   = {The Different Ways in which Logic is (said to be) Formal},
  year    = {2011},
  volume  = {32},
  number  = {4},
  pages   = {303-332},
  journal = {History and Philosophy of Logic},
}

@Article{Godel1931,
  author  = {Kurt G{\"{o}}del},
  title   = {{\"{U}ber formal unentscheidbare S\"{a}tze der Principia Mathematica und verwandter Systeme I}},
  journal = {Monatshefte f\"{u}r Mathematik und Physik},
  year    = {1931},
  volume  = {38},
  number  = {1},
  pages   = {173-198},
}

@Article{Church1936,
  author  = {Alonzo Church},
  title   = {A Note on the {E}ntscheidungsproblem},
  year    = {1936},
  volume  = {1},
  number  = {1},
  pages   = {40-41},
  journal = {Journal of Symbolic Logic},
}

@Article{Hardy1929,
  author  = {G. H. Hardy},
  title   = {Mathematical Proof},
  journal = {Mind},
  year    = {1929},
  volume  = {38},
  pages   = {1-25},
}

@Book{Bolzano1837,
  title     = {Wissenschaftslehre},
  publisher = {Seidel},
  year      = {1837},
  author    = {Bernard Bolzano},
  address   = {Sulzbach},
}

@Book{Bolzano1972,
  author     = {Bernard Bolzano},
  title      = {Theory of Science},
  year       = {1972},
  editor     = {Rolf George},
  translator = {Rolf George},
  publisher  = {Blackwell},
  address    = {Oxford},
}

@Article{George1986,
  author  = {Rolf George},
  title   = {Bolzano's Concept of Consequence},
  year    = {1986},
  volume  = {83},
  number  = {10},
  pages   = {558-564},
  journal = {Journal of Philosophy},
}

@Article{Gomez-Torrente2009,
  author  = {G{\'{o}}mez-Torrente, Mario},
  title   = {Rereading Tarski on Logical Consequence},
  journal = {Review of Symbolic Logic},
  year    = {2009},
  volume  = {2},
  number  = {2},
  pages   = {249-297},
}

@Book{Quine1986,
  title     = {Philosophy of Logic},
  publisher = {Prentice-Hall},
  year      = {1986},
  author    = {Quine, W. V. O.},
  address   = {Englewood Cliffs, NJ},
  edition   = {2},
}

@Article{Quine1948,
  author  = {Quine, W. V. O.},
  title   = {On What There Is},
  year    = {1948},
  volume  = {2},
  number  = {1},
  pages   = {21-38},
  journal = {Review of Metaphysics},
}

@Article{Lewis1968,
  author  = {Lewis, David K.},
  title   = {Counterpart Theory and Quantified Modal Logic},
  journal = {Journal of Philosophy},
  year    = {1968},
  volume  = {65},
  number  = {5},
  pages   = {113-126},
}

@Article{Eder2016,
  author  = {G{\"{u}}nther Eder},
  title   = {Boolos and the Metamathematics of {Q}uine's Definitions of Logical Truth and Consequence},
  journal = {History and Philosophy of Logic},
  year    = {2016},
  volume  = {37},
  number  = {2},
  pages   = {170-193},
}

@Book{Tarski1953,
  title     = {Undecidable Theories},
  publisher = {North-Holland},
  year      = {1953},
  author    = {Alfred Tarski and A. Mostowski and R. Robinson},
  address   = {Amsterdam},
}

@Article{Kemeny1948,
  author       = {John G. Kemeny},
  title        = {Models of logical systems},
  journaltitle = {Journal of Symbolic Logic},
  year         = {1948},
  volume       = {13},
  number       = {1},
  pages        = {16-30},
  journal      = {Journal of Symbolic Logic},
}

@Article{Henkin1949,
  author  = {Leon Henkin},
  title   = {The Completeness of the First-order Functional Calculus},
  year    = {1949},
  volume  = {14},
  number  = {3},
  pages   = {159-166},
  journal = {Journal of Symbolic Logic},
}

@Article{Kemeny1956,
  author  = {John G. Kemeny},
  title   = {A New Approach to Semantics--Part {I}},
  journal = {Journal of Symbolic Logic},
  year    = {1956},
  volume  = {21},
  number  = {1},
  pages   = {1-27},
}

@Article{Quine1951,
  author       = {W. V. O. Quine},
  title        = {Two Dogmas of Empiricism},
  journaltitle = {Philosophical Review},
  year         = {1951},
  volume       = {60},
  number       = {1},
  pages        = {20-43},
  journal      = {Philosophical Review},
}

@Article{Quine1960a,
  author       = {Quine, W. V. O.},
  title        = {Carnap and Logical Truth},
  journaltitle = {Synthese},
  year         = {1960},
  volume       = {12},
  number       = {4},
  pages        = {350-374},
  journal      = {Synthese},
}

@Book{Blackburn2001,
  author    = {Patrick Blackburn and Maarten de Rijke and Yde Venema},
  title     = {Modal Logic},
  year      = {2001},
  volume    = {53},
  series    = {Cambridge Tracts in Theoretical Computer Science},
  publisher = {Cambridge University Press},
  address   = {Cambridge},
}

@Article{Kripke2015,
  author  = {Saul A. Kripke},
  title   = {Quantified Modality and Essentialism},
  journal = {No{\^{u}}s},
  year    = {2015},
}

@Article{Kripke2015b,
  author  = {Kripke, Saul A.},
  title   = {Quantified Modal Logic and Quine's Critique: Some Further Observations},
  journal = {No{\^{u}}s},
  year    = {2015},
}

@Article{Kripke1963a,
  author  = {Saul A. Kripke},
  title   = {Semantical Analysis of Modal Logic {I}. Normal Propositional Calculi},
  year    = {1963},
  volume  = {9},
  number  = {5-6},
  pages   = {67-96},
  journal = {Zeitschrift fur mathematische Logik und Grundlagen der Mathematik},
}

@Collection{Addison1965,
  editor    = {J. W. Addison and Leon Henkin and Alfred Tarski},
  title     = {The Theory of Models},
  year      = {1965},
  publisher = {North Holland},
  address   = {Amsterdam},
}

@Book{BeallRestall2006,
  title     = {Logical Pluralism},
  publisher = {Clarendon Press},
  year      = {2006},
  author    = {J. C. Beall and Greg Restall},
  address   = {Oxford},
}

@Article{Griffiths2013,
  author  = {Griffiths, Owen},
  title   = {Problems for Logical Pluralism},
  year    = {2013},
  volume  = {34},
  number  = {2},
  pages   = {170-182},
  journal = {History and Philosophy of Logic},
}

@Collection{Szabo1969,
  title     = {The Collected Papers of Gerhard Gentzen},
  year      = {1969},
  editor    = {M. E. Szabo},
  publisher = {North Holland},
}

@Article{Schroeder-Heister2014,
  author  = {Schroeder-Heister, Peter},
  title   = {The Calculus of Higher-level Rules, Propositional Quantification, and the Foundational Approach to Proof-theoretic Harmony.},
  year    = {2014},
  volume  = {102},
  number  = {6},
  pages   = {1185-1216},
  journal = {Studia Logica},
}

@Book{Lorenzen1955,
  title     = {{Einf\"{u}hrung in die operative Logik und Mathematik}},
  publisher = {Springer},
  year      = {1955},
  author    = {Paul Lorenzen},
  address   = {Berlin},
}

@Article{Schroeder-Heister1984,
  author  = {Peter Schroeder-Heister},
  title   = {A Natural Extension of Natural Deduction},
  year    = {1984},
  volume  = {49},
  number  = {4},
  pages   = {1284-1300},
  journal = {Journal of Symbolic Logic},
}

@Article{Read2010,
  author  = {Stephen Read},
  title   = {General-Elimination Harmony and the Meaning of the Logical Constants},
  journal = {Journal of Philosophical Logic},
  year    = {2010},
  volume  = {39},
  pages   = {557-576},
}

@Article{Frege1948,
  author       = {Gottlob Frege},
  title        = {Sense and Reference},
  journaltitle = {Philosophical Review},
  year         = {1948},
  volume       = {57},
  number       = {3},
  pages        = {209-230},
  journal      = {Philosophical Review},
}

@Article{Davidson1967,
  author  = {Donald Davidson},
  title   = {Truth and Meaning},
  year    = {1967},
  volume  = {17},
  number  = {3},
  pages   = {304-323},
  journal = {Synthese},
}

@Article{Belnap1962,
  author  = {Nuel Belnap},
  title   = {Tonk, Plonk and Plink},
  year    = {1962},
  volume  = {22},
  number  = {6},
  pages   = {130-134},
  journal = {Analysis},
}

@Book{Dummett1991,
  title     = {The Logical Basis of Metaphysics},
  publisher = {Harvard University Press},
  year      = {1991},
  author    = {Michael Dummett},
  address   = {Cambridge, MA},
}

@Article{Mehlberg1960,
  author  = {Henrik Mehlberg},
  title   = {The Present Situation in the Philosophy of Mathematics},
  journal = {Synthese},
  year    = {1960},
  volume  = {12},
  pages   = {380-414},
}

@Article{Read1994,
  author  = {Stephen Read},
  title   = {Formal and Material Consequence},
  year    = {1994},
  volume  = {23},
  number  = {3},
  pages   = {247-265},
  journal = {Journal of Philosophical Logic},
}

@InCollection{MacFarlane2009,
  author    = {John MacFarlane},
  title     = {Logical Constants},
  booktitle = {The Stanford Encyclopedia of Philosophy},
  year      = {2009},
  editor    = {Edward N. Zalta},
  url       = {https://plato.stanford.edu/archives/fall2015/entries/logical-constants},
  journal   = {Stanford Encyclopedia of Philosophy},
}

@Article{DutilhNovaes2012b,
  author       = {Dutilh Novaes, Catarina},
  title        = {Reassessing Logical Hylomorphism and the Demarcation of Logical Constants},
  journaltitle = {Synthese},
  year         = {2012},
  volume       = {185},
  number       = {3},
  pages        = {387-410},
  journal      = {Synthese},
}

@Article{Koslicki2006,
  author       = {Koslicki, Kathrin},
  title        = {Aristotle's Mereology and the Status of Forms},
  journaltitle = {Journal of Philosophy},
  year         = {2006},
  volume       = {103},
  number       = {12},
  pages        = {715-736},
  journal      = {Journal of Philosophy},
}

@Article{Klima2004,
  author  = {Klima, Gyula},
  title   = {Consequences of a closed, token-based semantics: the case of {J}ohn {B}uridan},
  journal = {History and Philosophy of Logic},
  year    = {2004},
  volume  = {25},
  number  = {2},
  pages   = {95-110},
}

@Article{DutilhNovaes2005,
  author   = {Dutilh Novaes, Catarina},
  title    = {Buridan's {\textit{Consequentia}}},
  year     = {2005},
  subtitle = {Consequence and Inference Within a Token-Based Semantics},
  volume   = {26},
  number   = {4},
  pages    = {277-297},
  journal  = {History and Philosophy of Logic},
}

@Book{Parsons2014,
  title     = {Articulating Medieval Logic},
  publisher = {Oxford University Press},
  year      = {2014},
  author    = {Terence Parsons},
  address   = {Oxford},
}

@Book{Hughes1982,
  title     = {John Buridan on Self-reference},
  publisher = {Cambridge University Press},
  year      = {1982},
  author    = {G. E. Hughes},
  address   = {Cambridge},
}

@Collection{Jacobi1993,
  editor    = {K. Jacobi},
  title     = {Argumentationstheorie},
  year      = {1993},
  publisher = {Brill},
  address   = {Leiden},
}

@Book{Bochenski1956,
  author    = {Boche\'{n}ski, J\'{o}zef Maria},
  title     = {Formale {L}ogik},
  year      = {1956},
  publisher = {Karl Alber},
  address   = {Freiburg},
}

@Book{Moody1952,
  title     = {Truth and Consequence in Medieval Logic},
  publisher = {North-Holland},
  year      = {1952},
  author    = {E. A. Moody},
  address   = {Amsterdam},
}

@Collection{Kretzmann1982,
  editor    = {Norman Kretzmann and Anthony Kenny and Jan Pinborg},
  title     = {The {C}ambridge History of Later Medieval Philosophy},
  year      = {1982},
  publisher = {Cambridge University Press},
  address   = {Cambridge},
}

@PhdThesis{MacFarlane2000,
  author = {MacFarlane, John},
  title  = {What does it mean to say that logic is formal?},
  school = {University of Pittsburgh},
  year   = {2000},
}

@Article{DutilhNovaes2012c,
  author       = {Dutilh Novaes, Catarina},
  title        = {Form and Matter in Later {L}atin Medieval Logic},
  journaltitle = {Journal of the History of Philosophy},
  year         = {2012},
  subtitle     = {the Cases of \textit{Suppositio} and \textit{Consequentia}},
  volume       = {50},
  number       = {3},
  pages        = {339-354},
  journal      = {Journal of the History of Philosophy},
}

@Book{Stump1989,
  title     = {Dialectic and its Place in the Development of Medieval Logic},
  publisher = {Cornell University Press},
  year      = {1989},
  author    = {Eleonore Stump},
  address   = {Ithaca},
}

@Book{Klima2009,
  title     = {John Buridan},
  publisher = {Oxford University Press},
  year      = {2009},
  author    = {Gyula Klima},
  series    = {Great Medieval Thinkers},
  address   = {Oxford},
}

@Article{Corcoran2011,
  author  = {John Corcoran and Jos\'{e} M. Sag\"{u}illo},
  title   = {The Absence of Multiple Universes of Discourse in the 1936 {T}arski Consequence-Definition Paper},
  journal = {History and Philosophy of Logic},
  year    = {2011},
  volume  = {32},
  number  = {4},
  pages   = {359-374},
}

@Book{Tarski1987,
  title     = {A Formalization of Set Theory without Variables},
  publisher = {American Mathematical Society},
  year      = {1987},
  author    = {Alfred Tarski and Steven Givant},
  address   = {Providence},
}

@Article{Schiemer2013,
  author  = {Georg Schiemer and Erich H. Reck},
  title   = {Logic in the 1930s: Type Theory and Model Theory},
  journal = {Bulletin of Symbolic Logic},
  year    = {2013},
  volume  = {19},
  number  = {4},
  pages   = {433-472},
}

@Article{Kemeny1956b,
  author  = {John G. Kemeny},
  title   = {A new approach to semantics--Part {II}},
  journal = {Journal of Symbolic Logic},
  year    = {1956},
  volume  = {22},
  number  = {2},
  pages   = {149-161},
}

@Book{Tarski1941,
  author    = {Alfred Tarski},
  title     = {Introduction to Logic and to the Methodology of Deductive Sciences},
  year      = {1941},
  publisher = {Oxford University Press},
  address   = {Oxford},
}

@Book{Church1956,
  title     = {Introduction to Mathematical Logica {I}},
  publisher = {Princeton University Press},
  year      = {1956},
  author    = {Alonzo Church},
  address   = {Princeton, NJ},
}

@Article{Corcoran1972,
  author  = {John Corcoran},
  title   = {Conceptual Structure of Classical Logic},
  journal = {Philosophy and Phenomenological Research},
  year    = {1972},
  volume  = {33},
  number  = {1},
  pages   = {25-47},
}

@Book{Etchemendy1990,
  title     = {The Concept of Logical Consequence},
  publisher = {Harvard University Press},
  year      = {1990},
  author    = {John Etchemendy},
  address   = {Cambridge, MA},
}

@Article{Saguillo1997,
  author  = {Jos\'{e} M. Sag\"{u}illo},
  title   = {Logical Consequence Revisited},
  year    = {1997},
  volume  = {3},
  number  = {2},
  pages   = {216-241},
  journal = {Bulletin of Symbolic Logic},
}

@Article{Saguillo2009,
  author  = {Jos\'{e} M. Sag\"{u}illo},
  title   = {Methodological Practice and Complementary Concepts of Logical Consequence: {T}arski's Model-theoretic Consequence and {C}orcoran's Information-theoretic Consequence},
  year    = {2009},
  volume  = {30},
  number  = {1},
  pages   = {21-48},
  journal = {History and Philosophy of Logic},
}

@Article{Bays2001,
  author  = {Timothy Bays},
  title   = {On {T}arski on Models},
  year    = {2001},
  volume  = {66},
  number  = {4},
  pages   = {1701-1726},
  journal = {Journal of Symbolic Logic},
}

@Collection{Ferreiros2006,
  editor    = {Jos\'{e} Ferreir\'{o}s and Jeremy Gray},
  title     = {The Architecture of Modern Mathematics},
  year      = {2006},
  publisher = {Oxford University Press},
  address   = {Oxford},
}

@Book{Mancosu2010a,
  title     = {The Adventure of Reason. Interplay Between Mathematical Logic and Philosophy of Mathematics},
  publisher = {Oxford University Press},
  year      = {2010},
  author    = {Paolo Mancosu},
  address   = {Oxford},
}

@Article{Sher1996,
  author  = {Gila Sher},
  title   = {Did {T}arski Commit {T}arski's Fallacy?},
  year    = {1996},
  volume  = {61},
  number  = {2},
  pages   = {653-686},
  journal = {Journal of Symbolic Logic},
}

@Article{Ray1996,
  author  = {Greg Ray},
  title   = {Logical Consequence: A Defence of {T}arski},
  journal = {Journal of Philosophical Logic},
  year    = {1996},
  volume  = {25},
  number  = {6},
  pages   = {617-677},
}

@Article{Gomez-Torrente1996,
  author  = {Mario G{\'{o}}mez-Torrente},
  title   = {Tarski on Logical Consequence},
  journal = {Notre Dame Journal of Formal Logic},
  year    = {1996},
  volume  = {37},
  number  = {1},
  pages   = {125-151},
}

@Article{Cameron2011,
  author  = {Ross Cameron},
  title   = {Truthmaking for Presentists},
  journal = {Oxford Studies in Metaphysics},
  year    = {2011},
  volume  = {6},
  pages   = {55-100},
}

@Article{Mancosu2010b,
  author  = {Paolo Mancosu},
  title   = {Fixed- versus Variable-domain Interpretations of {T}arski's Account of Logical Consequence},
  journal = {Philosophy Compass},
  year    = {2010},
  volume  = {5},
  number  = {9},
  pages   = {745-759},
}

@Article{Tarski1986,
  author  = {Alfred Tarski},
  title   = {What are Logical Notions?},
  journal = {History and Philosophy of Logic},
  year    = {1986},
  volume  = {7},
  number  = {2},
  pages   = {143-154},
}

@Article{Blok1988,
  author  = {W. J. Blok and Don Pigozzi},
  title   = {Alfred {T}arski's Work on General Metamathematics},
  journal = {Journal of Symbolic Logic},
  year    = {1988},
  volume  = {53},
  number  = {1},
  pages   = {36-50},
}

@Article{Jane2006,
  author  = {Ignacio Jan\'{e}},
  title   = {What is {T}arski's Common Concept of Consequence?},
  journal = {Bulletin of Symbolic Logic},
  year    = {2006},
  volume  = {12},
  number  = {1},
  pages   = {1-42},
}

@Article{Rosser1936,
  author  = {Barkley Rosser},
  title   = {Extensions of Some Theorems of {G}\"{o}del and {C}hurch},
  year    = {1936},
  volume  = {1},
  number  = {3},
  pages   = {87-91},
  journal = {Journal of Symbolic Logic},
}

@Book{AquinasDI,
  title      = {Expositio libri Peryermeneias},
  publisher  = {Cerf},
  year       = {1989},
  author     = {{Thomas Aquinas}},
  editor     = {R. A. Gauthier},
  volume     = {I*-1},
  series     = {Opera Omnia},
  address    = {Paris},
  edition    = {Leonine},
  note       = {Cited by book, lecture, and paragraph},
  translator = {Jean T. Oesterle},
}

@Book{OckhamSLI,
  author    = {{William of Ockham}},
  title     = {Summa Logicae},
  year      = {1951},
  editor    = {Philotheus Boehner{, O. F. M.}},
  subtitle  = {pars prima},
  publisher = {Franciscan Institute},
  address   = {St. Bonaventure, NY},
}

@Article{Read2007,
  author  = {Read, Stephen},
  title   = {William of {O}ckham's \textit{The Sum of Logic}},
  journal = {Topoi},
  year    = {2007},
  volume  = {26},
  number  = {2},
  pages   = {271-277},
}

@InCollection{Ramsey1931,
  author    = {Frank P. Ramsey},
  title     = {The Foundations of Mathematics},
  booktitle = {The Foundations of Mathematics and Other Essays},
  year      = {1931},
  editor    = {R. B. Braithwaite},
  publisher = {Kegan Paul},
  pages     = {1-61},
  address   = {London},
}

@Article{Uckelman2012b,
  author  = {Sara L. Uckelman},
  title   = {Arthur {P}rior and Medieval Logic},
  year    = {2012},
  volume  = {188},
  number  = {3},
  pages   = {349-266},
  journal = {Synthese},
}

@Article{Cameron2008,
  author  = {Ross Cameron},
  title   = {How to Be a Truthmaker Maximalist},
  journal = {No\^{u}s},
  year    = {2008},
  volume  = {42},
  number  = {3},
  pages   = {410-421},
}

@Article{Cameron2013,
  author  = {Ross Cameron},
  title   = {Changing Truthmakers: Reply to {T}allant and {I}ngram},
  journal = {Oxford Studies in Metaphysics},
  year    = {2013},
  volume  = {8},
  pages   = {362-373},
}

@Article{Crisp2007,
  author  = {Thomas M. Crisp},
  title   = {Presentism and the Grounding Objection},
  journal = {No\^{u}s},
  year    = {2007},
  volume  = {41},
  number  = {1},
  pages   = {90-109},
}

@Article{Bigelow1996,
  author  = {John Bigelow},
  title   = {Presentism and Properties},
  journal = {Philosophical Perspectives},
  year    = {1996},
  volume  = {10},
  pages   = {35-52},
}

@Article{Baron2015,
  author  = {Sam Baron},
  title   = {Tensed Truthmaker Theory},
  journal = {Erkenntnis},
  year    = {2015},
  volume  = {80},
  number  = {5},
  pages   = {923-944},
}

@InCollection{Klima2008,
  author    = {Gyula Klima},
  title     = {Logic without Truth: {B}uridan on the Liar},
  booktitle = {Unity, Truth and the Liar: The Modern Relevance of Medieval Solutions to the Liar Paradox},
  publisher = {Springer},
  year      = {2008},
  editor    = {S. Rahman and T. Tulenheimo and E. Genot},
  pages     = {87-112},
  address   = {Berlin},
}

@Unpublished{Archambault2017b,
  author = {Jacob Archambault},
  title  = {Buridanian Consequence and the Pseudo-Scotus Paradox},
}

@Book{BuridanLoci,
  title     = {Summulae De Locis Dialecticis},
  publisher = {Brepols},
  author    = {{John Buridan}},
  editor    = {Green-Pedersen, Niels J\o{}rgen},
  volume    = {10-6},
  series    = {Artistarium},
  address   = {Turnhout},
  note      = {Cited by book, chapter, and paragraph [SD]},
}

@Article{PriestRead1981,
  author  = {Graham Priest and Stephen Read},
  title   = {Ockham's Rejection of Ampliation},
  journal = {Mind},
  year    = {1981},
  volume  = {90},
  number  = {358},
  pages   = {274-279},
}

@Book{BuridanKlimaSD,
  author     = {{John Buridan}},
  title      = {Summulae de Dialectica},
  year       = {2001},
  translator = {Gyula Klima},
  series     = {Yale Library of Medieval Philosophy},
  publisher  = {Yale University Press},
  address    = {New Haven},
}

@Article{Bulthuis2016,
  author       = {Bulthuis, Nathaniel},
  title        = {The motivations for {W}alter {B}urley's theory of the proposition},
  journaltitle = {British Journal for the History of Philosophy},
  year         = {2016},
  volume       = {24},
  number       = {6},
  pages        = {1057-1074},
  journal      = {British Journal for the History of Philosophy},
}

@Article{Trentman1970,
  author  = {John Trentman},
  title   = {Ockham on Mental},
  journal = {Mind},
  year    = {1970},
  volume  = {79},
  number  = {316},
  pages   = {586-590},
}

@Article{Spade1980,
  author  = {Spade, Paul Vincent},
  title   = {Synonymy and Equivocation in {O}ckham's Mental Language},
  journal = {Journal of the History of Philosophy},
  year    = {1980},
  volume  = {18},
  number  = {1},
  pages   = {9-22},
}

@Collection{Spade1999,
  title     = {The Cambridge Companion to {O}ckham},
  year      = {1999},
  address   = {Cambridge},
  editor    = {Spade, Paul Vincent},
  publisher = {Cambridge University Press},
}

@Article{DutilhNovaes2011b,
  author       = {Dutilh Novaes, Catarina},
  title        = {Lessons on Sentential Meaning from Mediaeval Solutions to the {L}iar {P}aradox},
  journaltitle = {Philosophical Quarterly},
  year         = {2011},
  volume       = {61},
  number       = {242},
  pages        = {58-78},
  journal      = {Philosophical Quarterly},
}

@Article{Benetreau-Dupin2015,
  author  = {Ben\'{e}treau-Dupin, Yann},
  title   = {Buridan's Solution to the Liar Paradox},
  journal = {History and Philosophy of Logic},
  year    = {2015},
  volume  = {36},
  number  = {1},
  pages   = {18-28},
}

@Article{BarcanMarcus1978,
  author  = {Barcan Marcus, Ruth},
  title   = {Nominalism and the Substitutional Quantifier},
  journal = {Monist},
  year    = {1978},
  volume  = {61},
  number  = {3},
  pages   = {351-362},
}

@Article{Dumitriu1974,
  author   = {Anton Dumitriu},
  title    = {The Logico-Mathematical Antinomies},
  year     = {1974},
  subtitle = {Contemporary and Scholastic Solutions},
  volume   = {14},
  number   = {3},
  pages    = {309-328},
  journal  = {International Philosophical Quarterly},
}

@Book{BuridanTC,
  author    = {{John Buridan}},
  title     = {Tractatus de Consequentiis},
  year      = {1976},
  editor    = {Hubert Hubien},
  series    = {Philosophes m\'{e}di\'{e}vaux},
  number    = {16},
  publisher = {Publications universitaires},
  location  = {Louvain},
}

@Book{Kneale1962,
  title     = {The Development of Logic},
  publisher = {Oxford University Press},
  year      = {1962},
  author    = {William Kneale and Martha Kneale},
  address   = {Oxford},
}

@Book{King1985,
  author    = {Peter King},
  title     = {Jean Buridan's Philosophy of Logic},
  year      = {1985},
  subtitle  = {The Treatise on Supposition, The Treatise on Consequences},
  volume    = {26},
  series    = {Synthese Historical Library},
  publisher = {D. Reidel},
  address   = {Dordrecht},
}

@Article{Weber2014,
  author  = {Zach Weber and Dominic Hyde and David Ripley and Mark Colyvan and Graham Priest},
  title   = {Tolerating Gluts},
  journal = {Mind},
  year    = {2014},
  volume  = {123},
  number  = {491},
  pages   = {813-828},
}

@Collection{Beall2007,
  title     = {Revenge of the Liar},
  year      = {2007},
  address   = {Oxford},
  editor    = {J. C. Beall},
  publisher = {Oxford University Press},
}

@Article{Curry1942,
  author  = {Haskell Curry},
  title   = {The Inconsistency of Certain Formal Logics},
  year    = {1942},
  volume  = {7},
  number  = {3},
  pages   = {115-117},
  journal = {Journal of Symbolic Logic},
}

@Article{Read2010b,
  author  = {Stephen Read},
  title   = {Field's Paradox and Its Medieval Solution},
  journal = {History and Philosophy of Logic},
  year    = {2010},
  volume  = {31},
  pages   = {161-176},
}

@Article{BeallMurzi2013,
  author  = {J. C. Beall and Julien Murzi},
  title   = {Two flavors of {C}urry's paradox},
  year    = {2013},
  volume  = {110},
  number  = {3},
  pages   = {143-165},
  journal = {Journal of Philosophy},
}

@Article{Zardini2013,
  author  = {Elia Zardini},
  title   = {Naive Logical Properties and Structural Properties},
  journal = {Journal of Philosophy},
  year    = {2013},
  volume  = {110},
  number  = {11},
  pages   = {633-644},
}

@Article{Murzi2014,
  author  = {Julien Murzi},
  title   = {The inexpressibility of validity},
  journal = {Analysis},
  year    = {2014},
  volume  = {74},
  number  = {1},
  pages   = {65-81},
}

@Article{Ripley2015,
  author  = {David Ripley},
  title   = {Comparing Substructural Theories of Truth},
  journal = {Ergo},
  year    = {2015},
  volume  = {2},
  number  = {13},
  pages   = {299-328},
}

@Article{WansingPriest2015,
  author  = {Heinrich Wansing and Graham Priest},
  title   = {External Curries},
  journal = {Journal of Philosophical Logic},
  year    = {2015},
  volume  = {44},
  pages   = {453-471},
}

@Article{PriestRoutley1982,
  author  = {Graham Priest and Richard Routley},
  title   = {Lessons from Pseudo Scotus},
  journal = {Philosophical Studies},
  year    = {1982},
  volume  = {42},
  number  = {2},
  pages   = {189-199},
}

@Collection{Yrjonsuuri2001,
  editor    = {Mikko Yrj\"{o}nsuuri},
  title     = {Medieval Formal Logic: Obligations, Insolubles and Consequences},
  year      = {2001},
  volume    = {49},
  series    = {New Synthese Historical Library},
  publisher = {Springer},
  address   = {Dordrecht},
}

@Collection{Kretzmann1988,
  editor    = {Norman Kretzmann and Eleonore Stump},
  title     = {Cambridge Translations of Medieval Philosophical Texts, Vol. I: Logic and Philosophy of Language},
  year      = {1988},
  publisher = {Cambridge University Press},
  address   = {Cambridge},
}

@Book{Bradwardine2010,
  author      = {Thomas Bradwardine},
  title       = {Insolubilia},
  year        = {2010},
  editor      = {Stephen Read},
  commentator = {Stephen Read},
  series      = {Dallas Medieval Texts and Translations},
  number      = {10},
  publisher   = {Peeters},
  address     = {Leuven},
}

@Article{Adams1981,
  author  = {Robert M. Adams},
  title   = {Actualism and Thisness},
  journal = {Synthese},
  year    = {1981},
  volume  = {49},
  number  = {1},
  pages   = {3-41},
}

@Book{Armstrong1989,
  title     = {A Combinatorial Theory of Possibility},
  publisher = {Cambridge University Press},
  year      = {1989},
  author    = {David M. Armstrong},
  address   = {Cambridge},
}

@Book{Armstrong1997,
  title     = {A World of States of Affairs},
  publisher = {Cambridge University Press},
  year      = {1997},
  author    = {David M. Armstrong},
  address   = {Cambridge},
}

@Article{Borghini2008,
  author  = {Andrea Borghini and Neil E. Williams},
  title   = {A Dispositional Theory of Possibility},
  journal = {Dialectica},
  year    = {2008},
  volume  = {62},
  number  = {1},
  pages   = {21-41},
}

@Article{Bennett2006,
  author  = {Karen Bennett},
  title   = {Proxy ``Actualism''},
  journal = {Philosophical Studies},
  year    = {2006},
  volume  = {129},
  pages   = {263-294},
}

@Article{Cameron2008b,
  author  = {Ross Cameron},
  title   = {Truthmakers and Modality},
  journal = {Synthese},
  year    = {2008},
  volume  = {164},
  number  = {2},
  pages   = {261-280},
}

@Article{Contessa2015,
  author  = {Gabriele Contessa},
  title   = {Only Powers Can Ccnfer Dispositions},
  journal = {Philosophical Quarterly},
  year    = {2015},
  volume  = {65},
  number  = {259},
  pages   = {160-176},
}

@Article{Cresswell1972,
  author  = {M. J. Cresswell},
  title   = {The World is Everything that is the Case},
  journal = {Australasian Journal of Philosophy},
  year    = {1972},
  volume  = {50},
  pages   = {1-13},
}

@Article{Fitch1996,
  author  = {G. W. Fitch},
  title   = {In Defense of {A}ristotelian Actualism},
  journal = {Philosophical Perspectives},
  year    = {1996},
  volume  = {10},
  pages   = {53-71},
}

@Article{Jacobs2010,
  author  = {Jonathan D. Jacobs},
  title   = {A Powers Theory of Modality - or, How I Learned to Stop Worrying and Reject Possible Worlds},
  journal = {Philosophical Studies},
  year    = {2010},
  volume  = {151},
  number  = {2},
  pages   = {227-248},
}

@Book{Lewis1986,
  title     = {On the Plurality of Worlds},
  publisher = {Blackwell},
  year      = {1986},
  author    = {David K. Lewis},
  address   = {Oxford},
}

@Article{LinskyZalta1994,
  author  = {Bernard Linsky and Edward N. Zalta},
  title   = {In Defense of the Simplest Quantified Modal Logic},
  journal = {Philosophical Perspectives},
  year    = {1994},
  volume  = {8},
  pages   = {431-458},
}

@Article{LinskyZalta1996,
  author  = {Bernard Linsky and Edward N. Zalta},
  title   = {In Defense of the Contingently Nonconcrete},
  journal = {Philosophical Studies},
  year    = {1996},
  volume  = {84},
  number  = {2/3},
  pages   = {283-294},
}

@Book{Martin2008,
  title     = {The Mind in Nature},
  publisher = {Oxford University Press},
  year      = {2008},
  author    = {C. B. Martin},
  address   = {Oxford},
}

@Article{Noonan2013,
  author  = {Harold W. Noonan},
  title   = {Presentism and Eternalism},
  journal = {Erkenntnis},
  year    = {2013},
  volume  = {78},
  pages   = {219-227},
}

@Book{Plantinga1974,
  title     = {The Nature of Necessity},
  publisher = {Clarendon Press},
  year      = {1974},
  author    = {Alvin Plantinga},
  address   = {Oxford},
}

@Article{Plantinga1976,
  author  = {Alvin Plantinga},
  title   = {Actualism and Possible Worlds},
  journal = {Theoria},
  year    = {1976},
  volume  = {42},
  number  = {3},
  pages   = {139-160},
}

@Book{Prior2003,
  title     = {Papers on Time and Tense},
  publisher = {Cambridge University Press},
  year      = {2003},
  author    = {A. N. Prior},
  editor    = {Per Hasle and Peter \O{}hrstrom and Torben Bra\"{u}ner and Jack Copeland},
  address   = {Cambridge},
}

@InCollection{Pruss2002,
  author    = {Alexander Pruss},
  title     = {The Actual and the Possible},
  booktitle = {The Blackwell Guide to Metaphysics},
  publisher = {Blackwell},
  year      = {2002},
  editor    = {R. M. Gale},
  pages     = {313-333},
  address   = {Malden, MA},
}

@Article{Simchen2006,
  author  = {Ori Simchen},
  title   = {Actualist Essentialism and General Possibilities},
  journal = {Journal of Philosophy},
  year    = {2006},
  volume  = {103},
  number  = {1},
  pages   = {5-26},
}

@Article{Tomberlin1996,
  author  = {James E. Tomberlin},
  title   = {Actualism or Possibilism?},
  journal = {Philosophical Studies},
  year    = {1996},
  volume  = {84},
  number  = {2/3},
  pages   = {263-281},
}

@Article{Vetter2011,
  author  = {Barbara Vetter},
  title   = {Recent Work: Modality without Possible Worlds},
  journal = {Analysis},
  year    = {2011},
  volume  = {71},
  number  = {4},
  pages   = {742-754},
}

@Article{Vetter2013,
  author  = {Barbara Vetter},
  title   = {`Can' Without Possible Worlds: Semantics for Anti-Humeans},
  journal = {Philosophers' Imprint},
  year    = {2013},
  volume  = {13},
  number  = {16},
  pages   = {1-27},
}

@InCollection{VetterPotentiality,
  author    = {Barbara Vetter},
  title     = {From Potentiality to Possibility},
  booktitle = {Handbook of Potentiality},
  publisher = {Springer},
  year      = {Forthcoming},
  editor    = {K. Engelhard and M. Quant},
}

@Article{White1985,
  author  = {Michael J. White},
  title   = {Harmless Actualism},
  journal = {Philosophical Studies},
  year    = {1985},
  volume  = {47},
  number  = {2},
  pages   = {183-190},
}

@Article{Yates2015,
  author  = {David Yates},
  title   = {Dispositionalism and the Modal Operators},
  journal = {Philosophy and Phenomenological Research},
  year    = {2015},
  volume  = {91},
  number  = {2},
  pages   = {411-424},
}

@Book{Pseudo-Scotus1891,
  author    = {Pseudo-Scotus},
  title     = {Quaestiones Super Libros II Priorum Analyticorum},
  year      = {1891},
  series    = {Joannis Duns Scoti Doctoris Subtilis Ordinis Minorum Opera Omnia},
  number    = {vol. 2},
  publisher = {Wadding-Vives},
  location  = {Paris},
  pages     = {81-197},
  booktitle = {Joannis Duns Scoti Doctoris Subtilis Ordinis Minorum Opera Omnia},
}

@Article{Johnston2015,
  author  = {Spencer Johnston},
  title   = {Ockham and Buridan on the Ampliation of Modal Propositions},
  journal = {British Journal for the History of Philosophy},
  year    = {2015},
  volume  = {23},
  number  = {2},
  pages   = {234-255},
}

@Book{Lagerlund2000,
  title     = {Modal Syllogistics in the Middle Ages},
  publisher = {Brill},
  year      = {2000},
  author    = {Henrik Lagerlund},
  address   = {Leiden},
}

@Book{AristotlePrA,
  author     = {Aristotle},
  title      = {Prior Analytics},
  year       = {1989},
  translator = {Robin Smith},
  publisher  = {Hackett},
  location   = {Indianapolis},
}

@Collection{GabbayWoods2008,
  editor    = {Dov. M. Gabbay and John Woods},
  title     = {Handbook of the History of Logic},
  year      = {2008},
  subtitle  = {Mediaeval and Renaissance Logic},
  volume    = {2},
  publisher = {Elsevier},
  address   = {Amsterdam},
}

@Book{BuridanQE,
  author    = {{John Buridan}},
  title     = {Questiones Elencorum},
  year      = {1994},
  editor    = {Ria van der Lecq and H. A. G. Braakhuis},
  volume    = {9},
  series    = {Artistarium},
  note      = {Cited by section},
  publisher = {Ingenium},
  address   = {Nijmegen},
}

@Article{Archambault2017c,
  author = {Jacob Archambault},
  title  = {Scope, Conversion, and Equipollence in {O}ckham's account of Divided Modal Propositions},
  year   = {2017},
}

@Article{Read2016,
  author  = {Stephen Read},
  title   = {Paradoxes of Signification},
  year    = {2016},
  volume  = {54},
  number  = {4},
  pages   = {335-355},
  journal = {Vivarium},
}

@Book{Ockham1957,
  author     = {{William of Ockham}},
  title      = {Philosophical Writings},
  year       = {1990},
  editor     = {Boehner, Philotheus},
  translator = {Boehner, Philotheus},
  publisher  = {Hackett},
  location   = {Indianapolis},
}

@Article{Braakhuis1998,
  author  = {Braakhuis, H. A. B.},
  title   = {Obligations in Early Thirteenth Century Paris: The Obligationes of Nicholas of Paris (?)},
  journal = {Vivarium},
  year    = {1998},
  volume  = {36},
  pages   = {152-233},
}

@Article{Corcoran1972b,
  author  = {Corcoran, John},
  title   = {Completeness of an Ancient Logic},
  year    = {1972},
  volume  = {37},
  number  = {4},
  pages   = {696-702},
  journal = {Journal of Symbolic Logic},
}

@Article{DutilhNovaes2007,
  author       = {Dutilh Novaes, Catarina},
  title        = {Theory of Supposition vs. Theory of Fallacies in Ockham},
  journaltitle = {Vivarium},
  year         = {2007},
  volume       = {45},
  number       = {2-3},
  pages        = {343-359},
  journal      = {Vivarium},
}

@Book{DutilhNovaes2007b,
  author    = {Dutilh Novaes, Catarina},
  title     = {Formalizing Medieval Logical Theories},
  year      = {2007},
  subtitle  = {Suppositio, Consequentiae, and Obligationes},
  publisher = {Springer},
  address   = {Dordrecht},
}

@Article{DutilhNovaes2008b,
  author       = {Dutilh Novaes, Catarina},
  title        = {An Intensional Interpretation of Ockham's Theory of Supposition},
  journaltitle = {Journal of the History of Philosophy},
  year         = {2008},
  volume       = {46},
  number       = {3},
  pages        = {365-393},
}

@Article{Johnston2015b,
  author  = {Johnston, Spencer},
  title   = {A Formal Reconstruction of Buridan's Modal Syllogism},
  journal = {History and Philosophy of Logic},
  year    = {2015},
  volume  = {36},
  number  = {1},
  pages   = {2-17},
}

@Article{Kaplan1968,
  author  = {Kaplan, David},
  title   = {Quantifying In},
  journal = {Synthese},
  year    = {1968},
  volume  = {19},
  number  = {1/2},
  pages   = {178-214},
}

@Book{OckhamSL2,
  title     = {Summa Logicae, Pars Secunda et Tertiae Prima},
  publisher = {Franciscan Institute},
  year      = {1951},
  author    = {{William of Ockham}},
  editor    = {Philotheus Boehner},
  address   = {St. Bonaventure, NY},
}

@InCollection{Quine1976,
  author    = {Quine, W. V. O.},
  title     = {Three Grades of Modal Involvement},
  booktitle = {The Ways of Paradox and Other Essays},
  publisher = {Harvard University Press},
  year      = {1976},
  pages     = {158-176},
  address   = {Cambridge, MA},
}

@Book{AristotleSmith,
  title     = {Aristotle's Prior Analytics, Translated with introduction, notes, and Commentary},
  publisher = {Hackett},
  year      = {1989},
  author    = {Smith, Robin},
  address   = {Indianapolis},
}

@Book{AquinasDF,
  title  = {De Fallaciis},
  author = {{Thomas Aquinas}},
  url    = {http://www.corpusthomisticum.org/dp3.html},
}

@Unpublished{UckelmanUnp,
  author = {Uckelman, Sara L.},
  title  = {Beyond Formality: The Role of theDialectical Context in Medieval Logic},
  note   = {https://www.academia.edu/14329419/Beyond_Formality_The_Role_of_the_Dialectical_Context_in_Medieval_Logic.},
  url    = {https://www.academia.edu/14329419/Beyond_Formality_The_Role_of_the_Dialectical_Context_in_Medieval_Logic.},
}

@Article{Uckelman2010b,
  author  = {Sara L. Uckelman and Spencer Johnston},
  title   = {A Simple Semantics for {A}ristotelian Apodeictic Syllogistics},
  year    = {2010},
  volume  = {8},
  pages   = {545-569},
  journal = {Advances in Modal Logic},
}

@Article{Chatti2015,
  author  = {Saloua Chatti},
  title   = {Avicenna on Possibility and Necessity},
  journal = {History and Philosophy of Logic},
  year    = {2015},
  volume  = {35},
  number  = {4},
  pages   = {332-353},
}

@Book{Thom2007,
  title     = {Logic and Ontology in the Syllogistic of Robert Kilwardby},
  publisher = {Brill},
  year      = {2007},
  author    = {Paul Thom},
  volume    = {92},
  series    = {Studien und Texte zur Geistesgeschichte des Mittelalters},
  address   = {Leiden},
}

@Article{McDermott1972,
  author  = {McDermott, A. Charlene Senape},
  title   = {Notes of the Assertoric and Modal Propositional Logic of the {Pseudo-Scotus}},
  journal = {Journal of the History of Philosophy},
  year    = {1972},
  volume  = {10},
  number  = {3},
  pages   = {273-306},
}

@Book{OckhamSLEng,
  author     = {{William of Ockham}},
  title      = {{Ockham}'s Theory of Propositions - Part II of the {Summa} {Logicae}},
  year       = {1998},
  editor     = {Freddoso, Alfred J., and Henry Schuurman},
  translator = {Freddoso, Alfred J., and Henry Schuurman},
  publisher  = {St Augustine Press},
  location   = {South Bend, IN},
}

@Article{PriestRead1977,
  author  = {Graham Priest and Stephen Read},
  title   = {The Formalization of {Ockham}'s Theory of Supposition},
  journal = {Mind},
  year    = {1977},
  volume  = {86},
  number  = {341},
  pages   = {109-113},
}

@InCollection{DutilhNovaes2004,
  author    = {Dutilh Novaes, Catarina},
  title     = {A Medieval Reformulation of the De Dicto/De Re Distinction},
  booktitle = {Logica Yearbook 2003},
  year      = {2004},
  editor    = {L. Behounek},
  publisher = {Filosofia},
  pages     = {111-124},
  address   = {Prague},
}

@Article{Hailperin1957a,
  author  = {Hailperin, Theodore},
  title   = {A Theory of Restricted Quantification I},
  journal = {Journal of Symbolic Logic},
  year    = {1957},
  volume  = {22},
  number  = {1},
  pages   = {19-35},
}

@Article{Hailperin1957b,
  author  = {Hailperin, Theodore},
  title   = {A Theory of Restricted Quantification II},
  journal = {Journal of Symbolic Logic},
  year    = {1957},
  volume  = {22},
  number  = {2},
  pages   = {113-129},
}

@Article{Hailperin1960,
  author  = {Hailperin, Theodore},
  title   = {Corrections to a Theory of Restricted Quantification},
  journal = {Journal of Symbolic Logic},
  year    = {1960},
  volume  = {25},
  number  = {1},
  pages   = {54-56},
}

@Article{Belnap1970,
  author  = {Belnap, Nuel},
  title   = {Conditional Assertion and Restricted Quantification},
  journal = {No\^{u}s},
  year    = {1970},
  volume  = {4},
  number  = {1},
  pages   = {1-12},
}

@InCollection{Klima2001,
  author    = {Klima, Gyula},
  title     = {Existence and Reference in Medieval Logic},
  booktitle = {New Essays in Free Logic},
  publisher = {Kluwer},
  year      = {2001},
  editor    = {Alexander Hieke and Edgar Morscher},
  pages     = {197-226},
}

@Book{Klima1988,
  title     = {Ars Artium: Essays in Philosophical Semantics, Medieval and Modern},
  publisher = {Institute of Philosophy of the Hungarian Academy of Sciences},
  year      = {1988},
  author    = {Klima, Gyula},
  address   = {Budapest},
}

@Collection{HolstromHintikka2000,
  editor    = {Ghita Holstr{\"{o}}m-Hintikka},
  title     = {Medieval Philosophy and Modern Times},
  year      = {2000},
  volume    = {288},
  series    = {Synthese Library},
  publisher = {Kluwer},
  address   = {Dordrecht},
}

@InCollection{Marion1986,
  author    = {Marion, Jean-Luc},
  title     = {The Essential Incoherence of {D}escartes's Definition of Divinity},
  booktitle = {Essays on Descartes' Meditations},
  publisher = {University of California Press},
  year      = {1986},
  editor    = {Amelie Rorty},
  pages     = {153-176},
  address   = {Berkeley},
}

@Collection{Ginsberg1987,
  editor    = {Ginsberg, Matthew L.},
  title     = {Readings in nonmonotonic reasoning.},
  year      = {1987},
  publisher = {Morgan Kaufmann},
  location  = {San Francisco},
}

@Collection{Gabbay1994,
  editor    = {Dov M. Gabbay and C. Hogger and J. Robinson},
  title     = {Handbook of Logic in Artificial Intelligence and Logic Programming},
  year      = {1994},
  volume    = {3},
  publisher = {Oxford University Press},
  location  = {Oxford},
}

@Periodical{SchurzLeitgeb2005,
  editor       = {Gerhard Schurz and Hannes Leitgeb},
  title        = {Synthese: Special Issue on Non-monotonic Reasoning},
  year         = {2005},
  volume       = {146},
  number       = {1},
  journaltitle = {Synthese},
  pages        = {1-224},
}

@Book{Makinson2005,
  author    = {Makinson, D.},
  title     = {Bridges from Classical to Nonmonotonic Logic},
  year      = {2005},
  publisher = {College publications},
  location  = {London},
}

@Article{Read2012,
  author       = {Read, Stephen},
  title        = {The Medieval Theory of Consequence},
  journaltitle = {Synthese},
  year         = {2012},
  volume       = {187},
  number       = {3},
  pages        = {899-912},
}

@Article{Klima1991,
  author       = {Klima, Gyula},
  title        = {Ontological Alternatives Vs. Alternative Semantics in Mediaeval Philosophy},
  journaltitle = {S: European journal for semiotic studies},
  year         = {1991},
  volume       = {3},
  number       = {4},
  pages        = {587-618},
}

@Article{Sherwood1941,
  author       = {{William of Sherwood}},
  title        = {Syncategoremata},
  journaltitle = {Mediaeval Studies},
  year         = {1941},
  editor       = {James R. O'Donnell},
  volume       = {3},
  pages        = {46-93},
}

@Article{Sherwood1983,
  author       = {{William of Sherwood}},
  title        = {Introductiones in Logicam},
  journaltitle = {Traditio},
  year         = {1983},
  editor       = {Charles Lohr},
  volume       = {39},
  pages        = {218-299},
}

@InCollection{Martin2012,
  author    = {Christopher J. Martin},
  title     = {Logical Consequence},
  booktitle = {The Oxford Handbook of Medieval Philosophy},
  year      = {2012},
  editor    = {John Marenbon},
  publisher = {Oxford University Press},
  location  = {Oxford},
  pages     = {289-311},
}

@Article{BritoDDT,
  author       = {{Radulphus Brito}},
  title        = {Commentary on Boethius' De Differentiis Topicis \& The Sophism `Omnis homo est omnis homo'},
  journaltitle = {Cahiers de L'Institut du Moyen-{\^{A}}ge Grec et Latin},
  year         = {1978},
  editor       = {Green-Pedersen, Niels J\o{}rgen and Jan Pinborg},
  volume       = {26},
  pages        = {1-92},
}

@PhdThesis{Michael1985b,
  author      = {Bernd Michael},
  title       = {Johannes Buridan},
  institution = {Frei Universit\"{a}t Berlin},
  year        = {1985},
  subtitle    = {Studien zu seinem Leben, seinen Werken und zur Rezeption seiner Theorien im Europa des sp\"{a}ten Mittelalters},
}

@Article{Paseau2016,
  author       = {Paseau, A. C.},
  title        = {What's the Point of Complete Rigour?},
  journaltitle = {Mind},
  year         = {2016},
  volume       = {125},
  number       = {497},
  pages        = {177-207},
}

@Unpublished{SpadeMenn,
  author = {Spade, Paul Vincent and Stephen Menn},
  title  = {A Note on the Title of {Walter Burley}'s \textit{On the Purity of the Art of Logic}},
  year   = {2003},
  url    = {http://pvspade.com/Logic/docs/BurlNote.pdf},
}

@InCollection{HodgesBurley,
  author    = {Wilfrid Hodges},
  title     = {Detecting the Logical Content},
  booktitle = {We Will Show Them! Essays in Honour of Dov Gabbay},
  year      = {2005},
  editor    = {Sergei Artemov and Howard Barringer and Artur d'Avila Garcez and Luis C. Lamb and John Woods},
  subtitle  = {Burley's `Purity of Logic'},
  volume    = {2},
  publisher = {College Publications},
  location  = {London},
  pages     = {69-116},
}

@InProceedings{Klima2004b,
  author    = {Klima, Gyula},
  title     = {John Buridan and the Force/Content Distinction},
  booktitle = {Medieval Theories on Assertive and Non-Assertive Language: Acts of the 14th European Symposium on Medieval Logic and Semantics},
  year      = {2004},
  editor    = {A. Maier\'{u} and L. Valente},
  publisher = {Olschi},
  location  = {Rome},
  pages     = {415-427},
}

@Article{Burley2003,
  author       = {von Perger, Mischa},
  title        = {{Walter Burley's} \textit{Expositio vetus super librum Praedicamentorum}},
  journaltitle = {Franciscan Studies},
  year         = {2003},
  subtitle     = {An Edition},
  volume       = {61},
  pages        = {55-94},
}

@Article{Malcolm1960,
  author       = {Malcolm, Norman},
  title        = {Anselm's Ontological Arguments},
  journaltitle = {Philosophical Review},
  year         = {1960},
  volume       = {69},
  number       = {1},
  pages        = {41-62},
}

@Book{Lukasiewicz1957,
  author    = {Jan \L{}ukasiewicz},
  title     = {Aristotle's Syllogistic from the Standpoint of Modern Formal Logic},
  year      = {1957},
  editor    = {N. J. Green-Pedersen},
  edition   = {2},
  publisher = {Clarendon Press},
  location  = {Oxford},
}

@Article{Corcoran1974,
  author       = {Corcoran, John},
  title        = {Aristotelian Syllogisms},
  journaltitle = {Mind},
  year         = {1974},
  subtitle     = {Valid Arguments or True Generalized Conditionals?},
  volume       = {83},
  number       = {330},
  pages        = {278-281},
}

@BookInBook{ScotusQE,
  author     = {{John Duns Scotus}},
  title      = {Quaestiones Super Librum Elenchorum Aristotelis},
  booktitle  = {Opera Philosophica},
  year       = {2004},
  bookauthor = {{John Duns Scotus}},
  editor     = {R. Andrews and O. Bychkov and S. Ebbesen and G. G{\'{a}}l and R. Green and T. Noone and R. Plevano and A. Taver},
  volume     = {2},
  publisher  = {Franciscan Institute},
  location   = {St. Bonaventure, NY},
}

@Book{BHS,
  author    = {Boethius},
  title     = {De Hypotheticis Syllogismis},
  year      = {1969},
  editor    = {L. Obertello},
  publisher = {Paideia},
  location  = {Brescia},
}

@Book{FavershamQE,
  author    = {{Simon of Faversham}},
  title     = {Quaestiones super libro elenchorum},
  year      = {1984},
  editor    = {Sten Ebbesen and Thomas Izbicki and John Longeway and Francesco del Punta and Eileen Serene and Eleonore Stump},
  publisher = {Pontifical Institute of Medieval Studies},
  location  = {Toronto},
}

@InCollection{Klima2016,
  author    = {Klima, Gyula},
  title     = {Consequence},
  booktitle = {The Cambridge Companion to Medieval Logic},
  year      = {2016},
  editor    = {Dutilh Novaes, Catarina and Stephen Read},
  publisher = {Cambridge University Press},
  location  = {Cambridge},
  pages     = {316-341},
}

@InCollection{Read2016b,
  author    = {Stephen Read},
  title     = {Logic in the Latin West in the Fourteenth Century},
  booktitle = {The Cambridge Companion to Medieval Logic},
  year      = {2016},
  editor    = {Dutilh Novaes, Catarina and Stephen Read},
  publisher = {Cambridge University Press},
  location  = {Cambridge},
  pages     = {142-165},
}

@Book{Conti2013,
  author    = {Alessandro Conti},
  title     = {A Companion to Walter Burley},
  year      = {2013},
  publisher = {Brill},
  location  = {Leiden},
}

@Article{Markowski1982,
  author       = {Markowski, Mieczyslaw},
  title        = {{Johannes Buridans Polemik} gegen {Universalienlehre} des {Walter Burleigh}},
  journaltitle = {Mediaevalia Philosophica Polonorum},
  year         = {1982},
  volume       = {26},
  pages        = {7-17},
}

@Article{Read2015b,
  author       = {Stephen Read},
  title        = {Aristotle and \L{}ukasciewicz on Existential Import},
  journaltitle = {Journal of the American Philosophical Association},
  year         = {2015},
  volume       = {1},
  number       = {3},
  pages        = {535-544},
}

@Unpublished{BuridanPostAn,
  author = {{John Buridan}},
  title  = {Quaestiones in duos libros Aristotelis Priorum Analyticorum},
  editor = {Herbert Hubien},
}

@Article{Mora-Marquez2015,
  author       = {Mora-M\'{a}rquez, Ana Maria},
  title        = {{Boethius of Dacia} (1270s) and {Radulphus Brito} (1290s) on the Universal Sign `Every'},
  journaltitle = {Logica Universalis},
  year         = {2015},
  volume       = {9},
  number       = {2},
  pages        = {193-211},
}

@Article{Ottman1999,
  author       = {Ottman, Jennifer, and Wood, Rega},
  title        = {Walter {B}urley},
  journaltitle = {Vivarium},
  year         = {1999},
  subtitle     = {His Life and Works},
  volume       = {37},
  number       = {1},
  pages        = {1-23},
}

@Article{Wagner1981,
  author       = {Wagner, Michael F.},
  title        = {Supposition-Theory and the Problem of Universals},
  journaltitle = {Franciscan Studies},
  year         = {1981},
  volume       = {41},
  number       = {1},
  pages        = {385-414},
}

@Article{Brown1972,
  author       = {Brown, Stephen F.},
  title        = {Walter {B}urleigh's Treatise De Suppositionibus and Its Influence on {William of Ockham}},
  journaltitle = {Franciscan Studies},
  year         = {1972},
  volume       = {32},
  pages        = {31-64},
}

@InCollection{Martin2004,
  author    = {Martin, Christopher J.},
  title     = {Formal Consequence in {S}cotus and {O}ckham},
  booktitle = {Duns Scotus in Paris, 1302-2002: Proceedings of the conference of {P}aris, 2-4 September 2002},
  year      = {2004},
  editor    = {O. Boulnois and E. Karger and G. Sondag},
  subtitle  = {Towards an Account of {S}cotus' Logic},
  publisher = {Brepols},
  location  = {Turnhout},
  pages     = {117-150},
}

@BookInBook{OckhamSL,
  author    = {{William of Ockham}},
  title     = {Summa Logicae},
  booktitle = {Opera Philosophica},
  year      = {1974},
  editor    = {Philotheus Boehner and Gedeon G\`{a}l and Stephen Brown},
  volume    = {1},
  publisher = {Franciscan Institute},
  location  = {St. Bonaventure, NY},
}

@InCollection{Klima2003a,
  author    = {Gyula Klima},
  title     = {Peter of {S}pain, the author of the \textit{Summulae}},
  booktitle = {Blackwell's Companion to Philosophy in the Middle Ages},
  year      = {2003},
  editor    = {J. Gracia and T. Noone},
  publisher = {Blackwell},
  location  = {Malden},
  pages     = {526-531},
}

@InCollection{Vittorini2013,
  author    = {Marta Vittorini},
  title     = {Life and Works},
  booktitle = {A Companion to Walter Burley},
  year      = {2013},
  editor    = {Alessandro Conti},
  publisher = {Brill},
  location  = {Leiden},
  pages     = {17-45},
}

@BookInBook{OckhamEL,
  author       = {{William of Ockham}},
  title        = {Elementarium Logicae},
  booktitle    = {Opera Philosophica},
  year         = {1988},
  editor       = {Eligius M. Buytaert},
  booksubtitle = {Opera Dubia et Spuria},
  volume       = {7},
  publisher    = {Franciscan Institute},
  location     = {St. Bonaventure, NY},
  pages        = {59-304},
}

@Book{Boehner1958,
  author    = {Philotheus Boehner},
  title     = {Collected Articles on {Ockham}},
  year      = {1958},
  publisher = {Franciscan Institute},
  location  = {St. Bonaventure, NY},
}

@Book{ScotusRepPar,
  author     = {{John Duns Scotus}},
  title      = {The Examined Report of the Paris Lecture: Reportatio I-A, Latin Text and English Translation},
  year       = {2004},
  editor     = {Allan B. Wolter and Oleg V. Bychkov},
  translator = {Allan B. Wolter and Oleg V. Bychkov},
  volume     = {1},
  publisher  = {Franciscan Institute},
  location   = {St. Bonaventure, NY},
}

@Article{Green-Pedersen1981,
  author       = {Green-Pedersen, Niels J{\o{}}rgen},
  title        = {Nicholas {D}rukken de {D}acia's Commentary on the {P}rior {A}nalytics--With Special Regard to the Theory of Consequences},
  journaltitle = {Cahiers de L'Institut du Moyen-{\^{A}}ge Grec et Latin},
  year         = {1981},
  volume       = {37},
  pages        = {42-69},
}

@Book{AristotlePeriHerm,
  author     = {Aristotle},
  title      = {On Interpretation},
  translator = {E. M. Edghill},
  url        = {https://ebooks.adelaide.edu.au/a/aristotle/interpretation/},
}

@Article{Burley1973,
  author       = {Brown, Stephen F.},
  title        = {{W}alter {B}urley's Middle Commentary on {A}ristotle's Perihermenias},
  journaltitle = {Franciscan Studies},
  year         = {1973},
  volume       = {33},
  number       = {1},
  pages        = {42-134},
}

@Book{AristotleDeCaelo,
  author     = {Aristotle},
  title      = {On the Heavens},
  year       = {1922},
  translator = {Stocks, John Leofric},
  publisher  = {Clarendon Press},
  location   = {Oxford},
  url        = {http://www.sacred-texts.com/cla/ari/oth/index.htm},
}

@Book{Braakhuis1979,
  author   = {Braakhuis, H. A. B.},
  title    = {De 13de eeuwse Tractaten over syncategorematische Termen},
  year     = {1979},
  location = {Meppel},
}

@Article{Brumberg-Chaumont2015,
  author       = {Brumberg-Chaumont, Julie},
  title        = {Universal Logic and Aristotelian Logic: Formality and Essence of Logic},
  journaltitle = {Logica Universalis},
  year         = {2015},
  volume       = {9},
  number       = {2},
  pages        = {253-278},
}

@Article{Hacking1979,
  author       = {Hacking, Ian},
  title        = {What is Logic?},
  journaltitle = {Journal of Philosophy},
  year         = {1979},
  volume       = {76},
  pages        = {365-409},
}

@Article{Gomez-Torrente2000,
  author       = {G{\'{o}}mez-Torrente, Mario},
  title        = {A Note on Formality and Logical Consequence},
  journaltitle = {Journal of Philosophical Logic},
  year         = {2000},
  volume       = {29},
  number       = {5},
  pages        = {529-539},
}

@Article{Bellotti2003,
  author       = {Luca Bellotti},
  title        = {Tarski on Logical Notions},
  journaltitle = {Synthese},
  year         = {2003},
  volume       = {135},
  pages        = {401-413},
}

@PhdThesis{Archambault2017d,
  author      = {Archambault, Jacob},
  title       = {The development of the medieval Parisian account of formal consequence},
  institution = {Fordham University},
  year        = {2017},
  type        = {phdthesis},
}

@Book{Burley2000,
  author     = {{Walter Burley}},
  title      = {On the Purity of the Art of Logic},
  year       = {2000},
  translator = {Spade, Paul Vincent},
  publisher  = {Yale University Press},
  location   = {New Haven},
}

@Book{Garlandus1959,
  author    = {{Garlandus Compotista}},
  title     = {Dialectica},
  year      = {1959},
  editor    = {de Rijk, Lambertus M.},
  publisher = {van Gorcum},
  location  = {Assen},
}

@Book{BurleyDPAL,
  author    = {{Walter Burleigh}},
  title     = {De Puritate Artis Logicae},
  year      = {1955},
  editor    = {Philotheus Boehner},
  publisher = {Franciscan Institute},
  location  = {St Bonaventure, NY},
}

@Article{Lagerlund2004,
  author       = {Lagerlund, Henrik},
  title        = {John Buridan and the Problems of Dualism in the Fourteenth Century},
  journaltitle = {Journal of the History of Philosophy},
  year         = {2004},
  volume       = {42},
  number       = {4},
  pages        = {369-387},
}

@Book{Avicebron,
  author     = {Avicebron},
  title      = {Fons Vitae},
  year       = {1895},
  editor     = {C. Baeumker},
  translator = {John of Spain and Dominic Gundisalvi},
  publisher  = {Aschendorff},
  location   = {Munster},
}

@Book{AlexanderDA,
  author     = {{Alexander of Aphrodisias}},
  title      = {On the Soul},
  year       = {1979},
  editor     = {A. P. Fotinis},
  translator = {A. P. Fotinis},
  publisher  = {University Press of America},
  location   = {Washington, DC},
}

@Book{Quinn1973,
  author    = {Quinn, John Francis},
  title     = {The Historical Constitution of St. Bonaventure's Philosophy},
  year      = {1973},
  volume    = {23},
  series    = {Studies and Texts},
  publisher = {Pontifical Institute of Medieval Studies},
  location  = {Toronto},
}

@InCollection{Weisheipl1980,
  author       = {Weisheipl, James A.},
  title        = {Albertus Magnus and Universal Hylomorphism},
  booktitle    = {Albert the Great},
  year         = {1980},
  editor       = {F. J. Kovach and R. W. Shahan},
  subtitle     = {Avicebron (A Note on Thirteenth-Century Augustinianism)},
  booksubtitle = {Commemorative Essays},
  location     = {Norman},
  pages        = {239-260},
}

@Book{Zavalloni1951,
  author    = {Zavalloni, Roberto},
  title     = {Richard de Mediavilla et la controverse sur la pluralit\'{e} des forms},
  year      = {1951},
  volume    = {2},
  series    = {Philosophes M\'{e}di\'{e}vaux},
  publisher = {\'{E}ditions de l'institut sup\'{e}rieur de philosophie},
  location  = {Louvain},
}

@Book{Gilson1952,
  author    = {Gilson, \'{E}tienne},
  title     = {Jean Duns Scot},
  year      = {1952},
  subtitle  = {Introduction \`{a} ses positions fondamentales},
  publisher = {J. Vrin},
  location  = {Paris},
}

@Book{Stella1955,
  author    = {Stella, Prospero},
  title     = {L'ilemorfismo di G. Duns Scoto},
  year      = {1955},
  publisher = {Societ\`{a} Editrice Internazionale},
  location  = {1955},
}

@Book{Cross1998,
  author    = {Cross, Richard},
  title     = {The Physics of Duns Scotus: The Scientific Context of a Theological Vision},
  year      = {1998},
  publisher = {Clarendon Press},
  location  = {Oxford},
}

@Article{Cross1995,
  author       = {Cross, Richard},
  title        = {Duns Scotus's Anti-Reductionistic Account of Material Substance},
  journaltitle = {Vivarium},
  year         = {1995},
  volume       = {33},
  pages        = {137-170},
}

@Book{Adams1987,
  author    = {Adams, Marilyn McCord},
  title     = {William Ockham},
  year      = {1987},
  volume    = {2},
  publisher = {University of Notre Dame Press},
  location  = {Notre Dame},
}

@Article{Ward2012,
  author       = {Ward, Thomas M.},
  title        = {Animals, Animal Parts, and Hylomorphism: John Duns Scotus's Pluralism about Substantial Form},
  journaltitle = {Journal of the History of Philosophy},
  year         = {2012},
  volume       = {50},
  number       = {4},
  pages        = {531-558},
}

@Book{Ward2014,
  author = {Ward, Thomas M.},
  title  = {John Duns Scotus on Parts, Wholes, and Hylomorphism},
  year   = {2014},
}

@Article{Pini2016,
  author       = {Pini, Giorgio},
  title        = {Duns Scotus on material substances and cognition: a discussion of two recent books},
  journaltitle = {British Journal for the History of Philosophy},
  year         = {2016},
  volume       = {24},
  number       = {4},
  pages        = {769-779},
}

@Book{DeWulf1926,
  author     = {De Wulf, Maurice},
  title      = {History of Mediaeval Philosophy},
  year       = {1926},
  translator = {Messenger, Ernest C.},
  publisher  = {Green and Co.},
  location   = {London},
}

@Collection{KlimaHall2005,
  editor    = {Klima, Gyula and Alexander W. Hall},
  title     = {Proceedings of the Society for Medieval Logic and Metaphysics},
  year      = {2005},
  volume    = {5},
  publisher = {Cambridge Scholars},
}

@Book{AquinasDEE,
  author = {{Thomas Aquinas}},
  title  = {De ente et essentia},
  editor = {L. Baur and J. Koch and Robert Busa and Enrique Alar\'{c}on},
  url    = {http://www.corpusthomisticum.org/oee.html},
}

@Book{AquinasDA,
  author   = {{Thomas Aquinas}},
  title    = {Quaestio disputata de anima},
  year     = {1953},
  editor   = {Robert Busa and Enrique Alar\'{c}on},
  location = {Turin},
  url      = {http://www.corpusthomisticum.org/qda01.html},
}

@Thesis{BuridanZupkoQDA,
  author      = {Zupko, John Alexander},
  title       = {John Buridan's Philosophy of Mind: An Edition and Translation of Book III of his 'Questions on Aristotle's De anima' (Third Redaction), with Commentary and Critical and Interpretative Essays},
  type        = {phdthesis},
  institution = {Cornell University},
  year        = {2017},
}

@Book{BuridanQDA,
  author = {{John Buridan}},
  title  = {Questiones de anima},
  year   = {2017},
}

@Book{BuridanQM,
  author   = {{John Buridan}},
  title    = {In Metaphysicen Aristotelis Questiones argutissimae},
  year     = {1518},
  location = {Paris},
}

@Book{Garson2013b,
  author    = {Garson, James W.},
  title     = {Modal Logic for Philosophers},
  year      = {2013},
  edition   = {2},
  publisher = {Cambridge University Press},
  location  = {Cambridge},
}

@Article{Martin1986,
  author       = {Martin, Christopher J.},
  title        = {William's Machine},
  journaltitle = {Journal of Philosophy},
  year         = {1986},
  volume       = {83},
  pages        = {564-72},
}

@BookInBook{Liberconsequentiarum,
  author     = {Anonymous},
  title      = {Liber consequentiarum},
  booktitle  = {Logical Problems of the Medieval Theory of Consequences},
  year       = {1988},
  bookauthor = {Schupp, Franz},
  publisher  = {Bibliopolis},
  location   = {Naples},
  pages      = {85-150},
}

@Article{Green-Pedersen1982,
  author       = {Green-Pedersen, Niels J{\o{}}rgen},
  title        = {Bradwardine(?) on Ockham's Doctrine of Consequences},
  journaltitle = {Cahiers de L'Institut du Moyen-{\^{A}}ge Grec et Latin},
  year         = {1982},
  subtitle     = {An Edition},
  number       = {42},
  pages        = {85-150},
}

@Book{LogicaAdRudium,
  author    = {Anonymous},
  title     = {Logica ``Ad Rudium"},
  year      = {1981},
  editor    = {Lambertus M. de Rijk},
  publisher = {Ingenium},
  location  = {Nijmegen},
}

@BookInBook{OckhamTML,
  author       = {{William of Ockham}},
  title        = {Tractatus Minor Logicae},
  booktitle    = {Opera philosophica},
  year         = {1988},
  editor       = {Eligius M. Buytaert and Gedeon G\`{a}l and Joachim Giermek},
  booksubtitle = {Opera Dubia et Spuria},
  volume       = {7},
  publisher    = {Franciscan Institute},
  location     = {St. Bonaventure, NY},
  pages        = {1-57},
}

@Book{DutilhNovaesRead2016,
  author    = {Dutilh Novaes, Catarina and Stephen Read},
  title     = {The Cambridge Companion to Medieval Logic},
  year      = {2016},
  publisher = {Cambridge University Press},
  location  = {Cambridge},
}

@Book{Zupko2002,
  author    = {Zupko, John Alexander},
  title     = {John Buridan: Portrait of a 14th-Century Arts Master},
  year      = {2002},
  publisher = {University of Notre Dame Press},
  location  = {Notre Dame, IN},
}

@Collection{Marenbon2012,
  editor    = {Marenbon, John},
  title     = {The Oxford Handbook of Medieval Philosophy},
  year      = {2012},
  publisher = {Oxford University Press},
  location  = {Oxford},
}

@BookInBook{AnselmDeProc,
  author     = {{Anselm of Canterbury}},
  title      = {The Procession of the Holy Spirit},
  booktitle  = {Complete Philosophical and Theological Treatises},
  year       = {2000},
  bookauthor = {{Anselm of Canterbury}},
  translator = {Jasper Hopkins and Herbert Richardson},
  publisher  = {Arthur J. Banning Press},
  location   = {Minneapolis},
  pages      = {466-514},
}

@Article{Archambault2017e,
  author       = {Archambault, Jacob},
  title        = {Monotonic and Non-monotonic Embeddings of Anselm's Proof},
  journaltitle = {Logica Universalis},
  year         = {2017},
  volume       = {11},
  pages        = {121-138},
}

@Article{Horty2007,
  author       = {Horty, John F.},
  title        = {Defaults with Priorities},
  journaltitle = {Journal of Philosophical Logic},
  year         = {2007},
  volume       = {36},
  pages        = {367-413},
}

@Book{AquinasGreeks,
  author = {{Thomas Aquinas}},
  title  = {Contra Errores Graecorum},
}

@Book{AquinasSent,
  author   = {{Thomas Aquinas}},
  title    = {Scriptum super Sententiis},
  year     = {1856},
  location = {Parma},
  url      = {http://www.corpusthomisticum.org/snp1009.html},
}

@Book{HenryQuod,
  author   = {{Henry of Ghent}},
  title    = {Quodlibeta},
  year     = {1518},
  location = {Paris},
}

@Book{PhotiusMyst,
  author = {{Photius of Constantinople}},
  title  = {Mystagogy of the Holy Spirit},
  url    = {http://www.myriobiblos.gr/texts/english/photios_mystagogy.html},
}

@Article{Castagnoli2016,
  author       = {Castagnoli, Luca},
  title        = {Aristotle on the Non-Cause Fallacy},
  journaltitle = {History and Philosophy of Logic},
  year         = {2016},
  volume       = {37},
  number       = {1},
  pages        = {9-32},
}

@Article{Williamson2016,
  author       = {Williamson, Timothy},
  title        = {Counterpossibles},
  journaltitle = {Topoi},
  year         = {forthcoming},
}

@Article{Horty1994,
  author       = {Horty, John F.},
  title        = {Moral dilemmas and nonmonotonic logic},
  journaltitle = {Journal of Philosophical Logic},
  year         = {1994},
  volume       = {23},
  number       = {1},
  pages        = {35-65},
}

@Article{French2017,
  author       = {Francesco Berto and Rohan French and Graham Priest and David Ripley},
  title        = {Williamson on counterpossibles},
  journaltitle = {Journal of philosophical logic},
  year         = {forthcoming},
}

@InCollection{Nuchelmans1988,
  author    = {Gabriel Nuchelmans},
  title     = {The Distinction Actus exercitus/Actus significatus in Medieval Semantics},
  booktitle = {Meaning and Inference in Medieval Philosophy},
  year      = {1988},
  editor    = {Norman Kretzmann},
  publisher = {Kluwer},
  location  = {Dordrecht},
  pages     = {57-90},
}

@PhdThesis{StrodeConsequentiis,
  author      = {Seaton, Wallace Knight},
  title       = {An Edition and Translation of the Tractatus de consequentiis of Ralph Strode},
  institution = {University of California at Berkeley},
  year        = {1973},
}

@Collection{Lewry1985,
  editor    = {Lewry, P. Osmund},
  title     = {The Rise of British Logic},
  year      = {1985},
  subtitle  = {Acts of the Sixth European Symposium on Medieval Logic and Semantics, Balliol College, Oxford, 19-24 June 1983},
  series    = {Papers in Mediaeval Studies},
  number    = {7},
  publisher = {Pontifical Institute of Medieval Studies},
  location  = {Toronto},
}

@Article{Kneale1948,
  author       = {William Kneale},
  title        = {What Can Logic Do for Philosophy?},
  journaltitle = {Proceedings of the Aristotelian Society},
  year         = {1948},
  volume       = {22},
  pages        = {155-166},
}

@Book{RichardAbstractiones,
  author    = {{Richard Sophista}},
  title     = {Abstractiones},
  year      = {2016},
  editor    = {Mary Sirridge and Sten Ebbesen},
  series    = {Auctores Rerum Britannici Medii Aevi},
  number    = {25},
  publisher = {Oxford University Press},
  location  = {Oxford},
}

@Book{AbelardDialectica,
  author    = {{Petrus Abaelardus}},
  title     = {Dialectica},
  year      = {1966},
  editor    = {Lambertus M. de Rijk},
  publisher = {Van Gorcum},
  location  = {Assen},
}

@Book{SherwoodNewSyncategoremata,
  author    = {Raina Kirchhoff},
  title     = {Die Syncategoremata des Wilhelm von Sherwood},
  year      = {2008},
  publisher = {Brill},
  location  = {Leiden},
}

@Book{AlexanderPA,
  author     = {{Alexander of Aphrodisias}},
  title      = {On Aristotle Prior Analytics 1.1-7},
  year       = {1991},
  translator = {Jonathan Barnes and Suzanne Bobzien and Kevin Flannery and Katerina Ierodiakonou},
  publisher  = {Duckworth},
  location   = {London},
}

@Article{Thijssen2004,
  author       = {Thijssen, J. M. M. H.},
  title        = {The Buridan School reassessed},
  journaltitle = {Vivarium},
  year         = {2004},
  subtitle     = {John Buridan and Albert of Saxony},
  volume       = {42},
  number       = {1},
  pages        = {18-42},
}

@Article{Courtenay2004,
  author       = {Courtenay, William J.},
  title        = {The University of Paris at the Time of Jean Buridan and Nicole Oresme},
  journaltitle = {Vivarium},
  year         = {2004},
  volume       = {42},
  number       = {1},
  pages        = {1-17},
}

@Book{MarsiliusDeGen,
  author   = {{Marsilius of Inghen}},
  title    = {Quaestiones super libros De generatione et corruptione},
  year     = {1501},
  location = {Venice},
}

@Book{Gilson1955,
  author    = {Gilson, \'{E}tienne},
  title     = {History of Christian Philosophy in the Middle Ages},
  year      = {1955},
  publisher = {Random House},
  location  = {New York},
}

@Book{Copleston1962,
  author    = {Copleston, Frederick},
  title     = {A History of Philosophy Volume 2},
  year      = {1948},
  subtitle  = {Medieval Philosophy},
  publisher = {Doubleday},
  location  = {New York},
}

@Book{Pickstock1998,
  author    = {Catherine Pickstock},
  title     = {After Writing},
  year      = {1998},
  subtitle  = {On the Liturgical Consummation of Philosophy},
  publisher = {Blackwell},
  location  = {Oxford},
}

@Article{Frege1956,
  author       = {Frege, Gottlob},
  title        = {The Thought: A Logical Inquiry},
  journaltitle = {Mind},
  year         = {1956},
  volume       = {65},
  number       = {259},
}

@Book{Sharp2013,
  author    = {Sharp, Kevin},
  title     = {Replacing Truth},
  year      = {2013},
  publisher = {Oxford University Press},
  location  = {Oxford},
}

@Article{Asay2014,
  author       = {Asay, Jamin},
  title        = {Against Truth},
  journaltitle = {Erkenntnis},
  year         = {2014},
  volume       = {79},
  pages        = {147-164},
}

@InCollection{Wright2001,
  author    = {Wright, Crispin},
  title     = {Minimalism, Deflationism, Pragmatism, Pluralism},
  booktitle = {The Nature of Truth},
  year      = {2001},
  editor    = {M. P. Lynch},
  publisher = {MIT Press},
  location  = {Cambridge, MA},
  pages     = {751-787},
}

@Article{Putnam1994,
  author       = {Putnam, Hilary},
  title        = {The Face of Cognition},
  journaltitle = {Journal of Philosophy},
  year         = {1994},
  volume       = {91},
  pages        = {488-517},
}

@Book{Lynch2009,
  author    = {Lynch, Michael P.},
  title     = {Truth as One and Many},
  year      = {2009},
  publisher = {Oxford University Press},
  location  = {Oxford},
}

@Article{Glanzberg2003,
  author       = {Glanzberg, Michael},
  title        = {Minimalism and Paradoxes},
  journaltitle = {Synthese},
  year         = {2003},
  volume       = {135},
  pages        = {13-36},
}

@Book{Thomson2008,
  author    = {Thomson, Judith Jarvis},
  title     = {Normativity},
  year      = {2008},
  publisher = {Open Court},
  location  = {Chicago},
}

@Book{Bottin1982,
  author    = {Bottin, F.},
  title     = {La scienza degli occamisti},
  year      = {1982},
  subtitle  = {La scienza tardo medievale dalle origini del paradigma nominalista alla rivoluzione scientifica},
  publisher = {Maggioli},
  location  = {Rimini},
}

@Article{Randall1940,
  author       = {Randall, J. H.},
  title        = {The Development of Scientific Method in the School of Padua},
  journaltitle = {Journal of the History of Ideas},
  year         = {1940},
  volume       = {1},
  number       = {2},
  pages        = {177-206},
}

@Book{Wallace1992,
  author    = {Wallace, WIlliam A.},
  title     = {Galileo's Logic of Discovery and Proof},
  year      = {1992},
  subtitle  = {The Background, Content, and Use of His Appropriated Treatises on Aristotle's Posterior Analytics},
  publisher = {Kluwer},
  location  = {Dordrecht},
}

@Book{Randall1961,
  author    = {Randall, J. H.},
  title     = {The School of Padua and the Emergence of Modern Science},
  year      = {1961},
  publisher = {Editrice Antenore},
  location  = {Padova},
}

@Book{Sgarbi2014,
  author    = {Sgarbi, Marco},
  title     = {The Italian mind},
  year      = {2014},
  subtitle  = {vernacular logic in Renaissance Italy (1540-1551)},
  publisher = {Brill},
  location  = {Leiden},
}

@Collection{Poppi1976,
  editor    = {Poppi, Antonino},
  title     = {Storia e cultura al Santo di Padova fra il XIII e il XX seculo},
  year      = {1976},
  publisher = {Neri Pozza Editore},
  location  = {Vicenza},
}

@Collection{Maieru1982,
  editor    = {Maier\'{u}, A.},
  title     = {English Logic in Italy in the 14th and 15th Centuries},
  year      = {1982},
  publisher = {Bibliopolis},
  location  = {Naples},
}

@Article{Giusberti1977,
  author       = {Giusberti, Franco},
  title        = {A Treatise on Implicit Propositions from Around the Turn of the Twelfth Century},
  journaltitle = {Cahiers de L'Institut du Moyen-{\^{A}}ge Grec et Latin},
  year         = {1977},
  subtitle     = {An edition with some introductory notes},
  volume       = {21},
  pages        = {45-115},
}

@Article{DeRijk1966,
  author       = {De Rijk, Lambertus Marie},
  title        = {Some notes on the Mediaeval tract De insolubilibus, with the edition of a Tract dating from the end of the twelfth Century},
  journaltitle = {Vivarium},
  year         = {1966},
  volume       = {4},
  pages        = {100-103},
}

@Article{Lejewski1954,
  author       = {Lejewski, Czes\l{}aw},
  title        = {Logic and Existence},
  journaltitle = {British Journal for the Philosophy of Science},
  year         = {1954},
  volume       = {5},
  number       = {18},
  pages        = {104-119},
}

@Book{Pozzi1978,
  author    = {Pozzi, Lorenzo},
  title     = {Le 'Consequentiae' nella logica medievale},
  year      = {1978},
  publisher = {Liviana},
  location  = {Padova},
}

@Article{Francez2017,
  author       = {Francez, Nissim},
  title        = {On Distinguishing Proof-Theoretic Consequence from Derivability},
  journaltitle = {Logique et Analyse},
  year         = {2017},
  volume       = {238},
  pages        = {151-166},
}

@Article{Prawitz2018,
  author       = {Prawitz, Dag},
  title        = {The Fundamental Problem of General Proof Theory},
  journaltitle = {Studia Logica},
  year         = {forthcoming},
}

@Article{Fine2017a,
  author       = {Fine, Kit},
  title        = {A Theory of Truthmaker Content I: Conjunction, Disjunction and Negation},
  journaltitle = {Journal of Philosophical Logic},
  year         = {2017},
  volume       = {46},
  issue        = {6},
  pages        = {625-674},
}

@Article{French2017b,
  author       = {French, Rohan},
  title        = {A Simple Sequent Calculus for {A}ngell's Logic of Analytic Containment},
  journaltitle = {Studia Logica},
  year         = {2017},
  volume       = {105},
  pages        = {971-994},
}

@Book{MatthewSophistaria,
  author    = {{Matthew of Orl\'{e}ans}},
  title     = {Sophistaria sive Summa communium distinctionum circa sophismata accidentium},
  year      = {2001},
  editor    = {Joke Spruyt},
  publisher = {Brill},
  location  = {Leiden},
}

@Book{KilwardbyPriorum,
  author    = {{Robert Kilwardby}},
  title     = {Notule Libri Priorum},
  year      = {2015},
  editor    = {Paul Thom and John Scott},
  series    = {Auctores Britannici Medii Aevi},
  number    = {23-24},
  publisher = {Oxford University Press},
  location  = {Oxford},
}

@Book{SummaLamberti,
  author    = {{Lambert of Lagny}},
  title     = {Logica (Summa Lamberti)},
  year      = {1971},
  editor    = {Franco Allessio},
  publisher = {La Nuova Italia},
  location  = {Firenze},
}

@Book{PetrusTractatus,
  author    = {{Peter of Spain}},
  title     = {Tractatus, called afterwards Summule Logicales},
  year      = {1972},
  editor    = {de Rijk, Lambertus Marie},
  series    = {Philosophical Texts and Studies},
  number    = {22},
  publisher = {Van Gorcum},
  location  = {Assen},
}

@InCollection{Spruyt1993,
  author    = {Spruyt, Joke},
  title     = {Thirteenth-century Positions on the Rule `Ex impossibili sequitur quidlibet'},
  booktitle = {Argumentationstheorie, Scholastische Forschungen zu den logischen und semantischen Regeln korrekten Folgerns},
  year      = {1993},
  editor    = {Klaus Jacobi},
  publisher = {Brill},
  location  = {Leiden},
  pages     = {161-193},
}

@BookInBook{OckhamSentences,
  author    = {{William of Ockham}},
  title     = {Scriptum in librum primum sententiarum, Ordinatio Distinctiones IV-XVIII},
  booktitle = {Opera Theologica},
  year      = {1977},
  editor    = {G. Etzkorn},
  volume    = {III},
  number    = {III},
  publisher = {Franciscan Institute},
}

@Book{OckhamExpositio,
  author    = {{William of Ockham}},
  title     = {Expositio super libros elenchorum},
  year      = {1979},
  editor    = {F. Del Punta},
  series    = {Opera Theologica},
  number    = {III},
  publisher = {Franciscan Institute},
  location  = {St Bonaventure},
}

@InCollection{Archambault2018,
  author    = {Jacob Archambault},
  title     = {Mereological Hylomorphism and the Development of the Medieval Substitutional Account of Formal Consequence},
  booktitle = {Hylomorphism and Mereology},
  year      = {2018},
  editor    = {Gyula Klima and Alex Hall},
  series    = {Proceedings for the Society of Medieval Logic and Metaphysics},
  number    = {15},
  publisher = {Cambridge Scholars},
  location  = {Cambridge},
  pages     = {81-103},
}

@Article{Fine2016,
  author       = {Fine, Kit},
  title        = {Angellic Content},
  journaltitle = {Journal of Philosophical Logic},
  year         = {2016},
  volume       = {45},
  number       = {2},
  pages        = {199-226},
}

@Article{Halbach2018,
  author       = {Volker Halbach},
  title        = {The Substitutional Analysis of Logical Consequence},
  journaltitle = {No\^{u}s},
  year         = {Forthcoming},
}

@Article{Hodges2018,
  author       = {Hodges, Wilfrid},
  title        = {Two Early Arabic Applications of Model-Theoretic Consequence},
  journaltitle = {Logica Universalis},
  year         = {2018},
  volume       = {12},
  number       = {1-2},
  pages        = {37-54},
}

@Unpublished{MarsiliusConsequentiae,
  author    = {{Marsilius of Inghen}},
  title     = {Consequentiae},
  editor    = {Graziana Ciola},
  shorthand = {\textit{Consequentiae}},
}

@Book{AlbertPL,
  author    = {{Albert von Sachsen}},
  title     = {Logik},
  year      = {2010},
  subtitle  = {\"{U}bersetzt, mit einer Einleitung und Anmerkungen herausgegeben von Harald Berger},
  publisher = {Meiner},
  location  = {Hamburg},
  shorthand = {\textit{PL}},
}

@Comment{jabref-meta: databaseType:biblatex;}
